4808 5706
393 2501 503 2613 stuo
524 2541 670 2614 tempore
693 2529 872 2594 subitierus
895 2535 1008 2592 auster
1034 2530 1197 2612 disposuit
1218 2531 1517 2608 waltensteiuium,
1545 2532 1608 2594 bae
1640 2534 1671 2592 iu
1699 2549 1736 2594 re
1766 2534 1847 2596 antis
1877 2538 2023 2618 tragicae

392 2674 531 2752 positam
552 2667 779 2734 excellentiam
801 2667 1035 2746 arbitrabatur,
1057 2671 1092 2728 ut
1112 2683 1172 2748 per
1191 2671 1291 2732 totam
1315 2666 1456 2732 tabulam
1477 2673 1633 2752 regnaret
1652 2667 1771 2748 iatum,
1792 2665 1968 2758 diseriuren
1989 2679 2025 2736 ut

393 2809 491 2872 rebus
514 2804 648 2870 ntierret
669 2823 731 2866 nou
753 2803 893 2868 hominis
922 2802 1019 2866 uilius
1038 2808 1157 2884 soorrte
1178 2809 1367 2886 susceptura
1388 2804 1569 2886 eonsilium,
1591 2803 1652 2872 sed
1673 2823 1781 2870 rerum
1802 2812 2024 2887 praesentium

392 2947 576 3010 maturitas
599 2943 792 3006 aduenticia
835 2944 924 3006 Artis
953 2942 1014 3002 troc
1043 2938 1174 3005 dieebat
1201 2957 1298 3019 esse,
1327 2945 1362 3002 ut
1389 2941 1549 3004 hominem
1580 2943 1772 3008 ostenderet
1793 2961 1900 3008 rerum
1923 2963 2023 3028 angu-

391 3085 465 3146 stiis
494 3083 763 3155 circumventum,
793 3081 977 3162 urgentium
1006 3077 1145 3140 fatorum
1174 3077 1205 3138 vi
1235 3079 1446 3159 praeeipitem
1475 3082 1598 3157 uotum,
1627 3083 1673 3144 ita
1699 3080 1839 3161 denique
1859 3078 2023 3146 libertatis
2085 3108 2090 3117 ·

391 3220 524 3284 arbitrio
547 3216 738 3298 spoliatum,
769 3223 805 3276 ut
834 3233 928 3297 quana
958 3215 1150 3279 admisisset
1171 3213 1203 3274 iu
1224 3231 1263 3274 se
1292 3213 1416 3295 culpant
1439 3217 1512 3280 eius
1533 3214 1637 3294 maior
1657 3235 1734 3299 pars
1757 3215 1909 3280 infaustis
1932 3223 2023 3282 attri-

392 3355 520 3420 buenda
540 3353 706 3416 sideribus
727 3359 824 3416 esset
836 3352 873 3423 Ι).

488 3492 606 3554 veruna
628 3491 743 3554 summi
766 3491 882 3570 poene
904 3490 1084 3564 sententis,
1114 3503 1197 3568 quae
1224 3487 1405 3568 depravata
1423 3489 1577 3571 partiatirn
1600 3495 1745 3555 monstra
1765 3493 1879 3576 genuit
1901 3490 1957 3554 iila
1976 3493 2023 3556 fn·

390 3628 536 3692 ιιιιιιιιιιιι
558 3625 719 3706 fatalium,
743 3645 804 3688 nou
833 3626 1059 3690 nebristiaua
1079 3624 1183 3690 solnta
1205 3624 1265 3690 sed
1286 3626 1383 3688 etiarn
1405 3642 1426 3686 s
1448 3625 1644 3691 Graecorum
1666 3624 1826 3710 reiigione
1849 3628 2022 3693 abhorren-

389 3767 478 3843 tium,
501 3763 639 3826 cedebat
660 3763 755 3844 panio
776 3768 853 3845 pont
872 3765 1080 3846 opinionibus
1102 3781 1224 3841 eorum,
1246 3763 1301 3846 qui
1322 3761 1381 3826 fati
1403 3780 1464 3824 non
1487 3779 1618 3826 caesam
1641 3769 1696 3828 aut
1717 3763 2022 3844 nieusmlioentine,

390 3901 451 3966 sed
468 3899 593 3982 justam
614 3919 652 3964 se
673 3917 750 3962 uere
772 3899 914 3962 divinam
935 3899 999 3960 vinu
1021 3914 1100 3964 esse
1122 3899 1325 3978 statuebant,
1353 3915 1457 3981 neque
1486 3915 1558 3962 eam
1579 3899 1697 3979 telem,
1725 3918 1811 3984 qaue
1836 3899 1914 3968 nihil
1937 3899 2023 3967 aliud

388 4057 483 4122 qnam
506 4038 621 4100 noxios
643 4035 791 4112 homines
812 4039 928 4118 poeuis
949 4035 1115 4112 afficeret,
1134 4035 1196 4100 sed
1219 4036 1292 4116 ipsa
1307 4033 1388 4114 junna
1406 4038 1579 4114 contrario,
1602 4051 1736 4118 quorum
1759 4039 1790 4100 in
1813 4035 2020 4106 ooufliotinue

389 4183 502 4240 ιιιιιιιιιι
524 4177 716 4236 cerneretur
736 4171 946 4255 tragoditae,
980 4176 1011 4234 si
1038 4172 1166 4236 modum
1188 4175 1394 4254 statutosque
1416 4170 1498 4236 fines
1521 4176 1763 4250 excessissent,
1794 4189 1865 4239 oum
1886 4175 2022 4238 rationis

390 4310 524 4390 quartam
546 4314 580 4374 et
600 4310 782 4392 sapientiae
804 4312 916 4391 speeie
946 4309 985 4372 ιιι
1009 4328 1101 4374 suant
1123 4308 1271 4391 quodque
1294 4307 1441 4394 regulam
1465 4314 1651 4388 revocaret,
1689 4325 1784 4390 quana
1807 4311 1935 4374 interim
1955 4310 2021 4388 aiii,

391 4447 431 4508 ob
453 4445 637 4510 aristotelis
660 4445 701 4510 de
724 4446 791 4511 tato
813 4449 978 4513 sitentium
1006 4448 1047 4510 sd
1067 4447 1157 4510 iiiam
1180 4461 1265 4527 quse
1296 4445 1429 4532 vuigstn
1449 4445 1558 4510 fuerat
1585 4447 1660 4509 aute
1683 4443 1877 4508 Sebtiierum
1899 4445 2023 4524 opinio·

388 4601 460 4648 nean
488 4579 769 4660 revolutionum
799 4589 864 4650 vim
885 4585 1016 4651 fatalem
1051 4586 1084 4646 iu
1116 4585 1313 4648 Graeoerum
1346 4581 1466 4646 tabulis
1504 4584 1630 4646 versari
1661 4581 1833 4666 negabant.
1887 4579 2023 4656 Quarum

387 4721 621 4784 sententiarum
642 4720 672 4780 si
692 4724 947 4805 progressiones
968 4739 1007 4784 ae
1028 4717 1274 4784 vicissitudines
1294 4727 1474 4803 temporum
1497 4715 1610 4782 ordine
1639 4699 1823 4802 descriptas
1851 4720 2022 4800 persequi·

387 4876 471 4937 mur,
499 4854 582 4938 quod
605 4854 743 4918 teoinrus
764 4873 825 4920 uos
851 4857 883 4918 iu
912 4862 1118 4922 anunntiare
1140 4875 1198 4935 eu,
1227 4875 1321 4939 qnam
1350 4857 1487 4922 alteram
1517 4855 1591 4918 bute
1610 4855 1722 4920 libello
1744 4852 1970 4937 subjunximus
1981 4854 2022 4934 ι),

388 5009 442 5056 res
464 5009 521 5072 ee,
551 4989 645 5076 eujus
673 4991 913 5059 studiosissime
941 4996 1122 5074 per-quisita
1150 4995 1294 5078 cognitio
1318 4999 1388 5070 est,
1418 5007 1475 5055 nnn
1498 4990 1585 5056 illam
1606 4993 1725 5056 babent
1747 4997 1894 5057 naturam
1918 4991 2018 5056 erubi-
