4808 5706
1140 717 1213 806 u

357 959 496 1040 possunt
529 955 615 1019 illam
646 954 890 1018 accommodare
922 959 1151 1040 purgationem
1185 953 1308 1038 oedipi.
1356 955 1471 1036 ltaque
1501 961 1535 1018 ut
1564 961 1654 1020 recte
1687 957 1840 1018 statuitur
1868 955 1994 1037 culpam

362 1093 458 1177 culpa
478 1091 613 1175 rependi
637 1098 734 1174 atque
756 1109 828 1154 eam
850 1095 948 1156 etiam
969 1096 1001 1156 in
1023 1099 1123 1176 gente
1146 1093 1255 1175 aliqua
1276 1095 1390 1175 vigere
1411 1090 1536 1174 legem,
1559 1097 1595 1154 ut
1615 1111 1656 1156 ex
1678 1097 1845 1175 parentum
1867 1092 1996 1156 scelere

355 1229 475 1296 scelus
497 1234 651 1294 nascatur
671 1229 824 1308 tiliorum,
847 1231 895 1290 ita
916 1229 947 1292 id
969 1230 1092 1312 ipsum,
1114 1231 1145 1290 iu
1168 1247 1231 1312 quo
1254 1229 1391 1292 maxime
1413 1231 1566 1292 consistit
1587 1245 1704 1310 causa,
1734 1229 1873 1294 nondum
1895 1228 1996 1310 expli-

363 1373 470 1430 catum
491 1371 561 1447 est,
583 1367 632 1446 si,
654 1367 705 1427 cui
726 1366 926 1448 praestanda
947 1366 1042 1450 culpa
1062 1369 1173 1450 gentis
1195 1372 1266 1444 est,
1295 1367 1324 1427 is
1346 1367 1418 1446 ipse
1441 1369 1536 1428 vacat
1558 1365 1670 1448 culpa,
1700 1373 1736 1430 ιιι
1763 1371 1793 1430 iu
1816 1385 1876 1429 suo
1897 1364 1996 1447 pleuti

364 1508 442 1570 vitio
465 1508 623 1586 nequeat,
652 1504 919 1586 quemadmodum
946 1504 1150 1585 praecedens
1180 1501 1288 1566 aliena
1319 1501 1413 1584 culpa
1440 1519 1521 1564 suae
1552 1502 1665 1586 cnlpae
1686 1507 1793 1584 pariat
1814 1505 1998 1566 successio·

363 1661 452 1722 nem,
475 1644 563 1722 sive,
596 1646 631 1703 ut
658 1642 744 1706 idem
772 1639 837 1702 alio
866 1638 960 1702 modo
990 1638 1185 1714 efferamus,
1215 1639 1310 1723 culpa
1340 1639 1396 1702 illa
1427 1638 1536 1704 aliena
1563 1656 1625 1720 quo
1653 1645 1749 1720 pacto
1777 1641 1828 1702 soi
1859 1638 1998 1700 similem

364 1779 488 1862 prolem
511 1795 552 1840 ex
573 1779 725 1843 dissimili
746 1781 854 1862 possit
874 1778 1047 1856 concipere
1069 1779 1171 1856 patre.

464 1916 592 1978 Dixerit
612 1917 789 1998 quispiam,
812 1905 1004 1994 ἀλάστορος
1025 1915 1059 1976 in
1081 1913 1326 1995 corrumpendis
1350 1917 1512 1978 mentibus
1533 1915 1675 1977 divinam
1696 1903 1760 1976 rim
1790 1931 1886 1994 esse,
1917 1935 1999 2000 quae

365 2052 523 2134 quomodo
562 2053 671 2114 vineat
699 2049 881 2112 mortalium
917 2050 1059 2127 animos,
1093 2051 1206 2130 quaeri
1236 2067 1297 2110 non
1327 2057 1488 2132 oportere.
1534 2052 1670 2136 chorum
1699 2042 1877 2133 ἀλάστορα
1905 2073 1999 2136 quum
2051 2019 2052 2024 ἵ

367 2185 584 2268 συλλήπτορα
613 2183 750 2264 dixerit,
784 2184 930 2248 noluisse
960 2201 1066 2266 neque
1095 2185 1137 2248 de
1159 2191 1273 2248 natura
1303 2186 1474 2268 quidquam
1503 2191 1678 2270 potestatis
1709 2193 1824 2252 noxiae
1853 2189 1999 2268 delinire,

366 2343 470 2408 neque
492 2322 620 2386 modum
642 2321 761 2386 allatae
789 2322 980 2386 mortalibus
1011 2325 1222 2404 corruptricis
1252 2326 1463 2388 necessitatis
1494 2325 1690 2407 patefacere.
1736 2333 1774 2392 λι
1801 2348 1861 2390 noo
1890 2331 1920 2388 is
1947 2335 1999 2390 est

368 2460 547 2543 sescuplus
569 2466 683 2544 poete,
705 2463 761 2543 qui
780 2465 905 2523 temere
935 2457 1090 2520 mortales
1119 2463 1244 2523 animos
1274 2460 1403 2524 ademta
1430 2460 1584 2524 libertate
1612 2463 1728 2544 prodat
1747 2466 1876 2528 iniectis
1897 2467 1997 2525 unmi-

367 2602 472 2666 nlbus.
517 2601 609 2664 Sicut
628 2602 714 2662 enim
735 2599 775 2661 ab
796 2599 960 2660 homiuum
979 2596 1196 2659 voluntatibus
1218 2597 1277 2660 lati
1298 2601 1474 2680 potentiam
1504 2600 1686 2681 submovit,
1719 2603 1766 2664 ita
1793 2619 1833 2664 ne
1854 2601 1915 2663 sub
1936 2601 1999 2662 alia

367 2735 497 2820 quidem
524 2741 685 2820 tamquam
713 2755 846 2800 servum
872 2735 1008 2800 mortale
1037 2751 1142 2816 genus
1177 2727 1345 2815 subjunxit
1374 2738 1523 2818 imperia.
1573 2735 1780 2817 Exploratum
1815 2745 1868 2802 est
1905 2741 2001 2848 cuim,

367 2879 596 2958 praeterquam
617 2891 747 2952 corum,
779 2874 932 2955 quisuis
963 2874 1026 2950 ipsi
1055 2871 1108 2932 vel
1138 2871 1227 2931 vitiis
1258 2869 1309 2932 vel
1336 2869 1467 2933 delictis
1496 2871 1559 2933 hoc
1579 2879 1784 2953 meruerunt,
1812 2882 1847 2938 ut
1876 2878 2001 2938 insania

367 3012 487 3072 mentis
508 3012 716 3092 punirentur,
748 3009 905 3071 nullorum
934 3009 1059 3068 animos
1088 3007 1264 3068 insontium
1292 3005 1395 3088 affligi
1416 2963 1641 3093 ὑῙιοβλαβειᾳ.
1686 3009 1799 3091 Oedipi
1821 3029 1928 3094 genus
1949 3017 2000 3075 est

368 3144 446 3210 iliud
467 3145 596 3230 quidem
614 3147 786 3228 θεομανές
805 3165 843 3210 σε
864 3148 920 3208 καλ
941 3143 1036 3207 θεῶν
1056 3142 1142 3222 μέγα
1164 3138 1285 3221 στύγος
1306 3143 1337 3204 S.
1360 3142 1417 3204 Tu.
1434 3148 1509 3226 oss,
1531 3140 1720 3224 δαιμονῶσι
1738 3145 1859 3210 tratres
1876 3145 1915 3213 ἐν
1936 3142 2001 3236 ἄτᾳ

370 3287 501 3366 (reor),
524 3281 585 3346 sed
601 3283 696 3364 culpa
707 3299 812 3366 penes
822 3285 915 3365 ipsos
931 3284 1000 3362 est3
1022 3299 1094 3344 uam
1107 3299 1211 3342 caeca
1225 3298 1283 3342 eos
1295 3282 1433 3342 avaritia
1450 3299 1489 3342 ac
1501 3281 1661 3364 regnandi
1675 3281 1775 3345 libido
1792 3291 2003 3348 transversos

370 3423 448 3506 egit.
470 3420 516 3483 (ll.
540 3421 572 3482 S.
596 3421 653 3484 Tb.
666 3425 743 3484 9⁰3:
765 3425 862 3504 μενεῖ
879 3415 1002 3484 κτέανα
1024 3410 1051 3481 ι’
1066 3411 1251 3497 ἐπιγόνοις,
1266 3407 1308 3480 δι’
1327 3409 1375 3480 ὧν
1389 3411 1597 3499 αἰνομόροις,
1614 3413 1657 3484 δι’
1673 3413 1721 3484 ὦν
1736 3427 1845 3496 νεῖκος
1862 3416 1939 3503 ἔβα·
1962 3424 2003 3485 cl.

371 3564 441 3624 eso.
491 3558 541 3622 lta
568 3557 689 3622 babent
713 3555 762 3620 illi
790 3556 919 3638 quidem
946 3561 1070 3641 μοῖραν
1101 3552 1338 3628 διοςδότων
1366 3545 1477 3634 α’χέων
1506 3557 1615 3637 (stt),
1648 3575 1758 3620 verum
1789 3577 1850 3620 non
1883 3562 2004 3624 habere

372 3697 456 3762 ultro
489 3695 679 3775 nolueruut3
707 3693 846 3776 alloqulu
875 3695 1028 3758 Eteocles
1057 3696 1190 3756 chorum
1221 3695 1411 3754 monitorem
1440 3691 1609 3754 auditurus
1638 3699 1718 3756 erat.
1769 3697 1850 3760 Item
1878 3702 2004 3763 Xerxes

373 3837 428 3894 est
454 3832 511 3896 ille
539 3831 667 3914 quidem
695 3828 889 3913 θεοβλαβὴς
915 3825 998 3915 ἀνήρ
1027 3831 1133 3907 (Ριιι.
1156 3833 1250 3908 831),
1281 3828 1342 3891 scd
1371 3831 1446 3910 quie
1473 3833 1621 3912 suscepit
1648 3834 1753 3892 animo
1784 3824 2004 3916 ὑπέρκομπον

372 3966 527 4052 θράσος,
549 3987 644 4052 quam
665 3984 734 4032 rens
753 3972 823 4028 tota
841 3965 951 4030 tabula
970 3966 1124 4034 declarat.
1169 3969 1236 4028 Non
1259 3968 1336 4048 quia
1356 3963 1549 4049 θεοβλαβὴς
1568 3971 1640 4045 est,
1668 3967 1811 4048 majores
1832 3990 1926 4054 quam
1945 3987 2004 4053 pro

374 4107 512 4183 humano
533 4106 668 4188 fastigio
688 4105 776 4188 gerit
795 4105 949 4184 spiritus,
979 4103 1040 4167 sed
1068 4107 1143 4185 quia
1162 4102 1278 4186 plenus
1300 4107 1427 4166 animus
1449 4105 1646 4169 insolentiae
1667 4107 1838 4189 fastusque
1859 4115 1928 4187 est,
1959 4107 2004 4169 id·

375 4245 462 4306 circo
484 4242 593 4306 divina
614 4245 646 4304 vi
668 4259 762 4306 mens
782 4243 854 4304 eius
875 4243 1085 4320 occaecatum
1113 4241 1203 4303 Pers.
1226 4245 1303 4303 826:
1335 4239 1424 4316 Ζεύς
1450 4263 1505 4306 σοι
1525 4241 1730 4326 κολαστὴς
1751 4247 1819 4309 τῶν
1838 4237 2007 4330 ὑπερκόμ-

373 4401 450 4444 πων
471 4371 559 4459 dyas»
581 4376 806 4462 φρονημάτων
826 4374 982 4453 ἔπεστιν,
1005 4371 1152 4452 εὔθυνος
1171 4375 1286 4461 βαρύς.
1315 4375 1409 4459 Πρὸς
1421 4371 1513 4442 ταῦτ’
1536 4373 1666 4447 ἐκεῖνον
1683 4387 1877 4464 σωφρονεῖν
1894 4405 2009 4466 κεχρη-

374 4519 470 4602 μένοι
492 4506 662 4582 πινύσκετ’
683 4505 855 4593 sitorum
873 4511 1118 4597 conscripum,
1139 4515 1236 4598 λῆξαι
1249 4507 1495 4595 θεοβλαβοῦνι’
1510 4507 1716 4604 ὑπερκόμπῳ
1738 4515 1912 4598 θράσειθ).
1947 4519 2010 4580 llu-

371 4656 517 4743 jusmodi
545 4673 630 4718 cum
643 4651 826 4720 bominibus
848 4651 923 4734 quid
945 4651 1044 4716 habet
1066 4650 1343 4730 Clytaemnestra,
1376 4650 1453 4732 quid
1479 4652 1614 4716 Orestes
1635 4671 1817 4734 commune,
1840 4659 1893 4738 qui
1915 4673 2010 4740 quum

377 4801 525 4861 insontes
556 4795 620 4878 ipsi
647 4797 754 4855 tamen
784 4780 974 4872 ἀλάστορος
1002 4790 1034 4852 vi
1055 4787 1182 4854 subacti
1210 4785 1350 4869 piaculis
1376 4787 1639 4872 obstringuntur,
1676 4791 1720 4852 sit
1749 4791 1831 4853 boec
1861 4795 1911 4853 vis
1946 4791 2011 4854 alia

376 4950 518 4999 necesse
539 4935 593 4994 eet
613 4947 707 5010 quam
728 4925 786 4992 illa
805 4943 888 5008 quae
908 4931 1023 4991 sontes
1044 4927 1174 5007 perimit
1193 4920 1416 5006 dccdldderc.
