4808 5706
1174 701 1212 786 d

378 939 495 1025 geudi,
517 937 665 1022 prolecto
686 955 748 998 non
769 935 1047 1020 intelligeremus,
1070 937 1100 997 si
1122 935 1175 997 vel
1196 953 1313 999 revera
1334 935 1392 998 iuti
1415 935 1522 1001 nullae
1543 941 1656 1019 partes
1678 941 1846 1000 essentia
1870 941 2010 1002 Graeco-

379 1095 451 1142 rum
480 1074 617 1154 iabulis,
646 1073 699 1136 vel
731 1078 846 1135 esseut
874 1091 952 1150 eae,
985 1091 1068 1156 quae
1096 1072 1264 1156 plerisque
1286 1075 1366 1136 uiris
1388 1073 1526 1136 cruditis
1548 1074 1749 1137 videbantur.
1793 1075 1883 1137 Nunc
1905 1079 2011 1138 autem

380 1234 421 1280 ex
442 1216 515 1296 ipsa
535 1213 696 1274 varietate
725 1209 987 1272 dissentientium
1018 1213 1171 1292 apparet,
1200 1208 1240 1271 ad
1269 1211 1467 1272 Graecorum
1495 1207 1623 1272 tabulas
1654 1215 1688 1272 et
1714 1213 1880 1294 pertinere
1901 1211 2012 1292 latam,

381 1353 411 1415 b.
435 1370 463 1414 e.
487 1352 552 1412 vim
574 1345 734 1429 quandam
755 1346 968 1408 necessitatis
998 1344 1121 1424 nudae,
1150 1347 1295 1408 concreti
1322 1343 1483 1427 solidique
1506 1345 1584 1409 nibil
1606 1347 1775 1428 habentis,
1802 1347 1890 1411 nulla
1910 1350 2013 1434 figura

380 1489 538 1554 formatae
561 1487 595 1546 et
616 1483 656 1544 ob
685 1481 717 1543 ld
743 1483 849 1564 ipsum
872 1478 1019 1560 justitia,
1048 1483 1226 1562 sapientia,
1255 1481 1394 1562 denique
1423 1485 1550 1546 ratione
1580 1485 1780 1562 carentis³),
1810 1491 1845 1547 et
1874 1505 1936 1548 non
1968 1489 2014 1550 lta

382 1625 566 1708 pertinere,
588 1623 623 1680 ut
643 1616 762 1680 sabulis
785 1617 867 1698 ipsis
889 1616 998 1677 intusa
1019 1619 1070 1679 vis
1091 1617 1201 1679 fatalis
1231 1622 1287 1678 aut
1306 1617 1447 1680 Deorum
1475 1637 1591 1682 numen
1614 1639 1634 1682 a
1655 1638 1761 1682 rerum
1784 1621 2013 1708 gubernaculis

382 1756 535 1822 excludet
560 1759 615 1816 ant
647 1754 809 1815 bominum
831 1770 872 1814 ex
898 1751 1006 1834 alique
1033 1761 1126 1835 parte
1155 1752 1249 1815 tollat
1275 1751 1469 1816 libertatem.
1511 1755 1639 1822 Etenim
1661 1757 1815 1820 saturnin
1840 1757 2013 1820 tabuliset

382 1898 523 1959 lleorum
553 1897 650 1972 atque
679 1892 840 1952 bominum
868 1890 1052 1953 libertatem
1085 1892 1178 1973 quasi
1206 1890 1324 1952 tinibus
1346 1895 1380 1952 et
1399 1892 1607 1974 regionibns,
1637 1896 1669 1955 in
1692 1896 1809 1976 quibus
1831 1896 1942 1980 vigeat
1962 1896 2012 1956 vis

385 2039 537 2115 utraque,
559 2029 798 2105 disterminati,
819 2025 917 2089 facile
938 2026 1179 2112 intelligemus,
1211 2030 1241 2090 si
1264 2027 1505 2110 distinguemus
1527 2028 1767 2113 diligenterque
1789 2032 2012 2111 separabimus

382 2191 439 2249 ea,
461 2185 543 2251 quae
567 2171 643 2229 sunt
663 2166 756 2226 initie
776 2169 811 2227 et
831 2165 924 2245 quasi
947 2164 1072 2224 semina
1093 2162 1243 2243 tabulae,
1265 2165 1349 2228 unde
1372 2166 1517 2226 nascitur
1538 2163 1657 2248 agendi
1679 2167 1887 2247 principium,
1910 2173 1943 2229 et
1964 2183 2014 2244 es,

383 2325 466 2390 quae
487 2305 567 2366 fiunt
587 2304 619 2362 io
640 2300 750 2364 fabula
778 2304 812 2361 et
843 2317 884 2360 ex
904 2297 961 2359 illa
981 2299 1084 2380 stirpe
1111 2305 1319 2382 generantur.
1368 2302 1448 2363 Nam
1470 2317 1553 2383 qnae
1574 2305 1650 2362 suot
1676 2302 1781 2382 ipsius
1801 2299 1931 2362 tabulae
1954 2305 2014 2362 ctr-

385 2442 635 2523 cumscriptione
659 2435 903 2518 comprehensa,
925 2453 1008 2518 quae
1028 2439 1229 2520 peraguntur
1248 2437 1280 2496 in
1302 2453 1405 2500 scena
1425 2443 1459 2500 et
1479 2439 1694 2520 spectantium
1708 2440 1881 2498 occurrunt
1899 2433 2013 2513 oeulis,

386 2586 419 2644 in
441 2583 483 2642 iis
505 2575 592 2638 nulla
613 2575 804 2637 mortalibus
826 2571 936 2635 letalis
958 2569 1077 2655 agendi
1100 2574 1285 2634 necessitas
1307 2569 1458 2652 affertur,
1483 2591 1588 2656 neque
1609 2572 1757 2634 homines
1779 2589 1862 2653 quae
1883 2573 2014 2652 iaciunt,

389 2735 430 2781 ea
450 2733 559 2778 rerum
581 2729 619 2774 ac
639 2715 819 2792 temporum
842 2710 952 2770 causis
975 2706 1185 2783 adventiciis,
1216 2707 1275 2769 sed
1307 2709 1379 2769 suis
1406 2711 1470 2792 ipsi
1493 2709 1712 2770 voluntatibus
1734 2707 1863 2790 impulsi
1885 2709 2016 2786 iaciunt,

386 2857 469 2919 etsi
491 2851 607 2936 quibus
637 2845 796 2909 debentur
822 2844 918 2922 latis,
948 2861 988 2906 ea
1014 2843 1200 2906 inductione
1228 2845 1324 2906 animi
1353 2850 1449 2928 atque
1479 2842 1626 2906 consiliis
1654 2843 1789 2926 implent
1816 2863 1876 2906 sna
1898 2851 2016 2928 sponte

326 3001 328 3006 '
386 2989 572 3075 propositis.
616 2980 699 3046 lllnd
726 2981 901 3062 imprimis,
931 2984 962 3042 in
993 2999 1056 3062 qno
1079 2981 1253 3044 discrimen
1281 2985 1420 3046 vertitur
1440 2980 1587 3062 tabulae,
1617 3001 1679 3064 quo
1700 2988 1812 3045 cetera
1833 2999 1915 3064 quae
1937 2982 2016 3044 liunt

387 3129 494 3191 omnia
522 3122 724 3205 diriguntur,
761 3136 781 3178 a
806 3115 910 3179 libera
929 3118 1147 3199 proficiscitur
1175 3121 1314 3184 bominis
1336 3118 1520 3200 voluntate,
1551 3137 1656 3204 neque
1687 3121 1723 3182 tit
1752 3121 1827 3202 quin
1854 3139 1916 3181 non
1945 3121 2016 3183 tisri

370 3264 512 3352 aequit,
534 3259 609 3340 quia
630 3255 769 3318 fetorum
799 3257 907 3317 series
936 3254 1079 3340 illigatos
1101 3256 1202 3318 trabit
1222 3255 1396 3336 mortales,
1428 3254 1489 3318 sed
1510 3257 1546 3318 tit
1562 3253 1703 3338 judicio,
1737 3256 1893 3338 consilio,
1915 3257 2015 3320 desti-

388 3404 472 3464 nato.
516 3399 556 3459 nt
577 3411 634 3473 ea,
657 3409 740 3474 quae
763 3396 838 3452 suut
859 3396 953 3453 extra
973 3393 1132 3470 fabulam,
1160 3390 1244 3454 unde
1266 3395 1413 3469 manant,
1435 3411 1518 3474 quae
1542 3393 1616 3476 ejus
1638 3399 1829 3476 argumento
1851 3397 2016 3457 coutinen-

387 3542 456 3616 tur,
485 3550 525 3595 ea
552 3547 631 3592 vero
662 3530 900 3592 constituuntur
927 3547 966 3592 ac
993 3529 1208 3614 designantur
1234 3529 1323 3611 lato,
1352 3545 1393 3590 ea
1420 3531 1599 3610 potentiam
1628 3528 1750 3591 habent
1777 3529 1817 3591 ab
1853 3531 2016 3593 hominum

388 3673 522 3736 arbitrio
544 3665 741 3749 sejunctam,
764 3668 810 3726 ita
831 3665 1004 3745 duntaxat,
1031 3671 1067 3728 ut
1088 3666 1271 3730 bominibus
1296 3663 1453 3727 afferatur
1482 3663 1601 3746 agendi
1622 3666 1777 3744 materia,
1806 3686 1870 3729 nnn
1891 3670 1923 3729 iu
1945 3671 2017 3750 ipso

389 3805 576 3870 discrimine
599 3806 783 3867 necessitas
812 3805 992 3884 imponatur
1013 3801 1243 3884 suscipiendae
1272 3801 1448 3866 uoluntatis
1477 3803 1644 3864 obnoxiae.
1695 3802 1904 3876 Quamobrem
1931 3805 2017 3866 tales

388 3947 517 4008 suntin
541 3946 738 4006 Graecorum
767 3939 886 4002 tabulis
916 3943 1030 4021 partes
1050 3937 1127 4015 inti,
1157 3956 1303 4020 campum
1332 3958 1371 4003 nc
1392 3942 1532 4023 spatium
1552 3938 1736 4004 bominibus
1757 3948 1794 4004 ιιι
1814 3944 1957 4022 aperiat,
1986 3943 2018 4002 in

388 4099 482 4167 quem
513 4081 651 4142 immissi
680 4095 773 4141 snam
811 4077 1019 4156 experiantur
1045 4073 1247 4154 libertatern,
1279 4071 1373 4157 cujus
1394 4077 1477 4139 fines
1504 4079 1670 4158 prouisum
1699 4077 1826 4158 quidem
1849 4081 1902 4138 est
1922 4080 1957 4137 nt
1978 4093 2019 4141 ne

388 4220 519 4303 possint
539 4213 717 4292 excedere,
747 4213 807 4278 sed
836 4214 921 4273 intra
952 4227 1047 4293 quem
1074 4211 1171 4274 nullis
1201 4229 1239 4274 se
1269 4216 1415 4276 coerceri
1446 4217 1590 4276 sentiant
1618 4215 1788 4296 angustiis.
1836 4211 1887 4274 lta
1914 4231 2019 4296 neque

389 4361 515 4419 tautum
538 4351 688 4436 permisit
709 4349 827 4412 homini
850 4348 972 4425 iatum,
1002 4351 1040 4408 ut
1060 4348 1100 4410 ab
1123 4349 1214 4410 initio
1237 4353 1292 4410 aut
1314 4367 1355 4412 ex
1381 4353 1466 4413 omni
1487 4355 1581 4432 parte
1610 4355 1662 4414 sui
1685 4347 1773 4432 juris
1795 4357 1904 4434 esset,
1937 4353 2021 4436 quod

389 4495 553 4560 libertatis
582 4504 687 4576 genus
716 4506 779 4547 non
809 4489 896 4569 capit
927 4484 1128 4564 mortalitas,
1166 4503 1226 4548 nee
1253 4503 1368 4548 rursus
1397 4486 1533 4549 mortale
1563 4487 1734 4566 occuparit
1768 4491 1938 4553 consilium
1967 4497 2023 4553 ant

390 4633 485 4694 bomo
509 4625 586 4709 quid
606 4625 733 4688 iaceret
754 4622 909 4685 decreuit.
938 4622 1005 4684 lmo
1028 4624 1058 4683 si
1080 4621 1188 4704 aliqua
1208 4626 1240 4686 in
1262 4639 1310 4702 re,
1331 4624 1362 4684 ln
1385 4621 1565 4685 tabularum
1588 4627 1678 4686 certe
1700 4625 1921 4706 gubernandis
1942 4629 2021 4689 aeti-

389 4769 453 4830 bus
474 4767 539 4827 vim
561 4780 654 4824 suam
674 4761 886 4844 temperavit,
908 4763 943 4821 ut
963 4759 996 4822 id
1017 4761 1123 4842 ipsum
1144 4759 1357 4822 falsissimum
1378 4762 1438 4837 sit,
1469 4758 1553 4842 quod
1574 4762 1689 4822 statuit
1709 4762 1906 4843 Schillerus,
1927 4780 2021 4846 prae·

392 4905 545 4969 stantiam
568 4898 759 4982 tragoediae
781 4900 812 4959 in
835 4913 875 4960 eo
898 4898 1073 4978 contineri,
1103 4894 1271 4961 trabuntur
1292 4900 1328 4958 at
1346 4895 1494 4962 homines
1516 4895 1654 4962 totamm
1674 4903 1726 4981 ut,
1755 4915 1851 4981 quum
1871 4915 2022 4983 praeser-
