4808 5706
1180 777 1247 866 ss

396 1039 488 1106 quam
515 1019 645 1105 peccati
679 1031 869 1098 poenaeque
906 1013 1159 1096 inseparabilem
1188 1016 1466 1080 necessitudinem
1496 1023 1627 1082 suamet
1654 1024 1727 1103 ipsa
1754 1023 1920 1086 sententia
1948 1039 2034 1084 com·

392 1127 510 1241 probat
531 1155 808 1237 Clytaemnestrm
832 1152 886 1214 cli.
906 1153 984 1216 εδει
1008 1146 1121 1225 δόλοις
1143 1143 1320 1235 ὀλούμεθ’,
1343 1147 1453 1236 ὥςπερ
1476 1147 1541 1218 οὖν
1563 1149 1766 1238 ἐκτείναμεν.

496 1295 591 1374 Atqui
614 1291 690 1376 lege
717 1288 848 1354 talionis
875 1288 982 1351 teneri
1012 1306 1107 1349 nemo
1129 1292 1256 1371 potest,
1288 1289 1351 1351 nisi
1380 1287 1421 1352 ad
1443 1306 1540 1372 quern
1562 1293 1610 1352 ita
1638 1289 1790 1354 delictum
1809 1295 1969 1376 pertinet,
1997 1303 2034 1360 ut

396 1429 472 1511 ejus
496 1431 560 1512 ipsi
582 1430 674 1512 culpo
693 1423 892 1512 praestanda
912 1425 966 1487 alt.
1010 1425 1098 1508 Ergo
1120 1426 1173 1507 qui
1194 1442 1253 1507 pro
1276 1443 1315 1487 eo
1338 1425 1423 1507 quod
1445 1425 1596 1490 Alantone
1618 1431 1712 1490 socio
1731 1429 1894 1492 scelerate
1914 1449 2032 1517 perpe·

397 1569 548 1629 travitin
570 1567 711 1628 divinum
733 1562 814 1626 illud
831 1561 991 1645 judicium
1013 1561 1184 1627 adducitur
1204 1567 1238 1625 et
1260 1579 1300 1624 ex
1322 1561 1496 1645 illaquam
1519 1565 1770 1627 memoravimus
1785 1565 1924 1632 formula
1938 1570 2033 1634 talio-

398 1703 448 1763 nis
463 1700 539 1783 jure
560 1721 666 1785 poena
688 1701 880 1778 mulctatur,
903 1703 932 1762 is
954 1719 1033 1764 vero
1055 1719 1136 1762 sune
1158 1699 1272 1780 culpae
1294 1717 1372 1761 reus
1394 1703 1548 1783 peractus
1578 1704 1612 1762 et
1633 1701 1839 1765 existimatus
1870 1693 1925 1768 est
1944 1707 2031 1784 talis,

394 1858 488 1922 quem
519 1859 582 1902 non
614 1841 714 1904 alieni
743 1843 794 1903 ris
825 1838 950 1900 arbitrii
981 1836 1023 1900 nd
1049 1835 1245 1922 peccandum
1273 1835 1444 1918 subegerit
1472 1835 1617 1896 Invitum.
1660 1837 1746 1911 onae
1771 1858 1867 1921 quum
1889 1844 1936 1904 ita
1956 1845 2034 1920 sint,

395 1967 592 2058 ἀλάστορος
622 1975 779 2058 explicari
810 1981 922 2038 natura
953 1995 1014 2037 non
1037 1931 1148 2058 potest
1170 1991 1211 2035 ex
1232 1990 1290 2050 eo,
1322 1969 1407 2053 quod
1434 1974 1546 2056 gentis
1579 1969 1758 2055 cujuspiam
1780 1980 1943 2039 vetustam
1967 1980 2033 2042 cul·

397 2129 472 2193 pum
495 2113 590 2194 culpa
610 2130 693 2175 nora
712 2117 867 2194 sequntur
886 2129 1014 2194 poenae
1030 2109 1112 2173 loco.
1150 2111 1218 2172 lloo
1233 2125 1329 2170 unum
1352 2109 1439 2170 enim
1459 2109 1491 2170 sl
1511 2108 1687 2188 tenebitur,
1708 2109 1741 2173 id
1754 2111 1838 2194 quod
1858 2117 1954 2196 capnt
1978 2121 2034 2178 est

401 2245 573 2310 obscurum
594 2251 675 2329 crit,
704 2249 865 2310 innoxiam
886 2252 1026 2309 mentem
1049 2243 1140 2327 ejus,
1163 2245 1215 2307 cui
1236 2262 1321 2332 npva
1340 2242 1552 2326 suscipienda
1572 2243 1667 2329 culpa
1688 2251 1757 2328 est,
1778 2267 1843 2330 qua
1863 2255 1893 2314 ni
1914 2255 2032 2336 gentos

401 2381 564 2446 maleficus
590 2385 698 2468 possit
730 2387 918 2466 occupatam
948 2401 1165 2466 corrumpere.
1216 2385 1296 2446 Nam
1330 2387 1367 2444 ut
1398 2385 1482 2446 satia
1508 2387 1654 2463 constet,
1686 2383 1821 2448 alteram
1859 2387 2034 2452 liberorum

397 2523 540 2583 aetutem
567 2537 705 2604 poenum
733 2537 832 2604 posse
864 2539 922 2606 pro
953 2523 1156 2604 superiorum
1191 2518 1323 2582 delictis
1353 2517 1563 2604 persolvere,
1600 2536 1662 2580 non
1694 2523 1802 2584 minus
1831 2521 2034 2603 exploratum

399 2655 461 2718 boo
483 2663 553 2734 est,
575 2657 661 2720 nullo
683 2663 777 2741 pacto
806 2675 907 2741 posse
930 2657 1112 2723 mortalium
1127 2660 1230 2740 puris
1257 2661 1292 2719 et
1314 2657 1393 2720 ultio
1415 2656 1602 2758 carentibus
1631 2657 1748 2720 animis
1776 2673 1876 2724 caeca
1895 2661 2034 2724 uumtnts

401 2791 574 2856 adventicii
597 2796 628 2857 rt
650 2793 808 2878 peccandi
829 2793 996 2859 libidinem
1018 2793 1194 2856 admoveri.

500 2931 545 2992 Ac
565 2934 673 2992 tamen
696 2921 874 3013 οἷλοέσταρ,
906 2949 1000 3014 quern
1022 2933 1279 3016 investigamus,
1309 2927 1585 2994 necessitudinem
1605 2946 1678 2991 cnm
1698 2929 1821 2992 talione
1842 2947 1904 2992 non
1926 2935 2036 3014 potest

398 3063 520 3128 habere
544 3066 681 3146 nullam3
702 3085 774 3129 nam
795 3070 826 3128 iu
848 3067 1020 3150 illoquem
1041 3085 1141 3152 supra
1160 3073 1247 3149 p.1‘.t
1277 3085 1318 3130 ex
1340 3063 1541 3151 tiboeplroris
1562 3057 1798 3147 adscripsimus
1823 3064 1912 3128 loco:
1929 3056 2034 3130 ’ἀλλὰ

399 3195 502 3280 νόμος
522 3200 584 3282 μὲν
606 3207 731 3287 φονίας
752 3194 920 3284 σταγόνας
940 3203 1088 3285 χυμένας
1115 3199 1151 3278 ἐς
1179 3201 1288 3267 πέδον
1315 3196 1402 3268 ἄλλο
1424 3208 1620 3287 προςαιτεῒν
1640 3197 1726 3286 αἱμα
1747 3195 1834 3278 aad,
1866 3202 1920 3283 qui
1940 3200 2033 3263 locus

400 3341 547 3400 naturam
569 3329 758 3423 ἆλολστορος
792 3337 920 3403 videtur
951 3297 1133 3424 attingere,
1161 3356 1223 3399 non
1253 3335 1383 3400 dubium
1414 3345 1468 3403 est
1496 3341 1570 3421 quin
1600 3339 1785 3402 celebretur
1813 3335 1944 3400 talionis
1963 3334 2031 3418 jus.

398 3473 599 3557 Quapropter
632 3479 743 3560 utique
775 3480 826 3540 vis
856 3469 1048 3559 ἀλάστορος
1078 3477 1110 3536 in
1144 3473 1277 3536 talionis
1306 3471 1474 3537 delitescit
1501 3476 1708 3560 regionibus,
1742 3479 1777 3536 et
1801 3470 1876 3556 ejus
1905 3474 2034 3556 quidem

398 3611 548 3691 talionis,
571 3616 701 3695 opinor,
734 3613 827 3696 cujus
850 3619 880 3678 ei
902 3618 957 3699 qui
979 3615 1129 3699 peccavit
1160 3611 1249 3674 nulla
1279 3615 1387 3696 potest
1416 3611 1488 3675 liert
1516 3612 1631 3696 gratia
1683 3609 1811 3673 Etenim
1839 3629 1911 3673 cum
1938 3613 2034 3674 venia

400 3750 452 3828 qui
474 3753 639 3832 peccavit,
662 3749 757 3833 cujus
779 3756 915 3836 peccata
936 3751 1022 3814 solvi
1044 3749 1180 3836 piaculis
1202 3755 1349 3835 possunt,
1372 3748 1413 3812 ad
1435 3767 1508 3811 enm
1530 3747 1659 3812 scillcet
1679 3747 1759 3812 ntbil
1779 3748 1858 3838 taliq
1879 3750 2029 3832 pertinet.

400 3887 438 3946 ‚n
458 3886 685 3968 concipiuntur
705 3888 856 3968 fraudes,
883 3907 966 3971 quae
995 3886 1155 3950 duonntnr
1182 3885 1407 3970 inexpiabiles.
1451 3890 1530 3950 Nam
1559 3888 1614 3970 qut
1644 3883 1803 3984 iacturam
1831 3887 2034 3946 conscientia

399 4023 632 4085 convincuntur
662 4021 802 4108 ejusque
830 4043 902 4090 omn
932 4025 1128 4088 cruciatibus
1156 4022 1287 4086 divinae
1313 4021 1464 4103 justitiae
1493 4021 1693 4108 conjungunt
1721 4020 1921 4104 opinionem,
1957 4023 2034 4103 quia

393 4153 547 4239 justitiae
576 4161 885 4246 misericordiaeque
914 4163 1055 4226 Deorum
1085 4161 1202 4224 nnllam
1231 4159 1346 4239 talem,
1377 4177 1460 4242 quae
1489 4158 1614 4223 selvam
1647 4163 1817 4240 utramque
1846 4163 2032 4236 conservet,

398 4297 528 4377 pmsone
550 4297 732 4382 religiones
752 4299 873 4362 babent
894 4299 1170 4376 eonctliattonem,
1200 4317 1261 4360 non
1289 4303 1427 4381 possunt
1450 4297 1491 4358 iis
1518 4293 1666 4374 delictis,
1696 4311 1832 4376 qnorum
1861 4295 2034 4375 impunitas

311 4399 314 4404 Ι
399 4448 507 4495 rerum
529 4433 674 4498 ordinem
695 4435 767 4498 bns
791 4437 1036 4501 custodiendum
1058 4441 1152 4500 esset
1173 4435 1412 4516 disturbatum,
1441 4451 1503 4495 non
1533 4429 1659 4512 culpam
1680 4431 1826 4494 tribuere
1854 4429 2033 4514 inexpiabi-

396 4567 472 4632 lem.
514 4569 563 4632 Ex
583 4591 646 4654 quo
669 4591 793 4659 genere
816 4574 941 4638 l’artdls
963 4581 1017 4637 est
1038 4574 1172 4638 violatio
1193 4573 1342 4655 hospitti,
1371 4573 1446 4655 quia
1472 4566 1626 4655 hospitali
1651 4563 1729 4648 jura
1756 4565 1848 4628 laeso
1869 4563 2033 4628 bominum

396 4707 554 4772 tolluntur·
591 4715 803 4794 commercia,
845 4711 885 4776 ci.
917 4709 978 4795 Ag.
1000 4715 1060 4774 302
1090 4727 1178 4792 sqq,
1214 4711 1372 4794 imprimis
1400 4709 1477 4771 ὅθεν
1520 4699 1601 4782 ἄκος
1638 4703 1677 4770 δὲ
1708 4697 1940 4786 παμμοίταιον·
1972 4694 2035 4767 oda

397 4839 575 4929 ἐκρύφθη,
608 4848 735 4930 πρέποι
756 4848 812 4926 δὲ,
844 4821 917 4933 μοῖς
944 4843 1175 4930 αίνολαμπὲς,
1205 4847 1312 4921 σίνος·
1346 4864 1375 4907 ν.
1399 4845 1476 4908 ano:
1510 4841 1608 4908 λιτᾶν
1636 4833 1667 4908 d'
1694 4831 1812 4905 daona
1843 4839 1906 4922 μὲν
1941 4833 2034 4914 οὗτος

399 4979 504 5046 θεῶν·
524 4979 585 5048 τὸν
606 4975 637 5048 d’
659 4977 874 5073 ἐπίστροφον
901 4987 969 5052 τοῖν
997 4985 1110 5068 (vulgo
1130 4982 1255 5061 saiada)
1284 4971 1369 5068 φῶτ’
1393 4971 1517 5048 ἄδικον
1542 4981 1714 5059 καθαιρεῖ.
1764 4975 1831 5040 Sed
1859 4979 2034 5060 praecipue

1616 5103 1635 5162 a
