4808 5706
407 1057 585 1135 exceptione
606 1061 706 1118 ratum
734 1054 895 1128 habeatur,
924 1051 1005 1112 initio
1028 1049 1143 1128 regium
1172 1049 1301 1129 opponit
1329 1045 1461 1108 officium
1481 1043 1552 1108 belli
1581 1061 1600 1106 a
1628 1061 1685 1106 sua
1712 1043 1830 1106 civitate
1850 1041 2044 1122 prohibendi,

406 1211 507 1272 neque
527 1193 659 1272 virgines
681 1193 738 1254 nisi
758 1197 829 1270 post
849 1190 1039 1270 impetratam
1060 1206 1079 1249 a
1099 1161 1311 1265 eidbus'ipsis
1332 1189 1515 1263 potestatem
1535 1181 1568 1242 in
1588 1179 1681 1242 iidem
1701 1197 1738 1241 ec
1759 1177 1881 1241 tutelam
1903 1178 2017 1257 recipit.

506 1331 534 1390 ³.
573 1316 768 1410 Ἀλάστορα
799 1328 849 1388 vix
877 1315 1017 1389 adducor
1046 1329 1079 1386 ut
1106 1341 1177 1384 oum
1198 1327 1366 1382 Hermanno
1397 1313 1448 1398 (ad
1470 1316 1563 1397 Soph.
1585 1313 1660 1378 Oed.
1689 1315 1750 1378 Col.
1780 1309 1868 1394 148⁰)
1896 1321 1947 1376 aut
1977 1333 2047 1375 cum

408 1465 547 1526 Loiselle
580 1463 706 1542 Paralip.
737 1482 766 1543 p.
780 1465 842 1525 45⁰
870 1480 1030 1543 segregem
1059 1481 1075 1523 a
1104 1455 1266 1542 λήθομαι.
1316 1457 1439 1537 Sequor
1467 1453 1525 1516 luae
1550 1455 1582 1516 in
1609 1471 1644 1514 re
1668 1457 1801 1514 Weas'em
1823 1447 1968 1532 (denogo
1993 1473 2047 1512 ser

409 1603 502 1659 aaut
522 1603 573 1660 aas
592 1603 680 1674 eope.
702 1603 772 1659 oea.
796 1602 856 1660 cor.
900 1601 1045 1660 soemo
1067 1589 1165 1674 resen,
1186 1595 1239 1674 qm
1260 1594 1322 1673 pe
1350 1593 1518 1655 recessurae
1539 1591 1659 1653 adsue
1683 1586 1842 1666 docuisse,
1868 1579 2046 1668 ἀλάστορα

409 1735 467 1794 ‹tici
489 1742 541 1796 aut
562 1737 657 1796 active
680 1717 766 1810 eum,
789 1735 922 1814 quinon
945 1735 1154 1811 obliviscatur,
1183 1736 1235 1792 aut
1254 1729 1377 1810 passive
1399 1747 1485 1806 eum,
1514 1727 1600 1808 cujus
1629 1727 1726 1806 ipsius
1747 1725 1893 1786 memoria
1913 1741 1977 1786 non
1998 1724 2048 1786 da

406 1872 505 1932 lentur
526 1868 686 1932 oblivione.
727 1871 791 1932 Jem
813 1876 942 1951 unaque
965 1872 1047 1932 vocis
1068 1867 1286 1949 significatione
1314 1865 1353 1926 ad
1383 1865 1508 1928 sceleris
1536 1863 1746 1943 cogitationem
1775 1861 1869 1922 relata
1889 1860 1938 1921 ille
1960 1861 2049 1938 ultor,

407 2007 455 2066 hic
476 2007 643 2070 sceleratus
659 2013 712 2068 est.
734 2037 775 2050 —
796 2005 858 2068 Sed
879 1993 1072 2090 ἆλάστορος
1094 2025 1201 2068 eorum
1216 2005 1268 2085 qni
1289 2001 1329 2066 de
1349 2019 1384 2064 re
1406 2001 1518 2081 tragica
1540 1999 1729 2078 seripserunt
1748 1998 1838 2079 pauci
1858 2002 1889 2059 et
1908 1997 2047 2077 plerique

408 2143 496 2221 quasi
517 2149 710 2206 transeuntes
730 2145 914 2206 mentionem
936 2145 1083 2220 lecerunt,
1105 2146 1289 2218 Bartteleny
1311 2140 1329 2201 l.
1352 2157 1377 2200 c.
1399 2156 1430 2217 p.
1443 2137 1511 2214 184,
1532 2139 1661 2198 Seecern
1682 2137 1713 2198 S.
1735 2135 1790 2196 Th.
1812 2152 1842 2216 p.
1853 2133 1903 2196 Sd.
1925 2134 1975 2194 en.
1997 2134 2046 2210 90,

407 2285 483 2341 idem
506 2280 659 2343 Wallenst.
682 2300 712 2360 p.
724 2282 772 2340 at.
796 2282 864 2356 1⁰4,
886 2285 961 2341 idem
982 2281 1014 2339 in
1035 2279 1201 2340 Comment.
1224 2293 1286 2339 soc.
1308 2274 1436 2337 Berolin.
1457 2291 1488 2352 p,
1504 2271 1572 2351 108,
1593 2275 1743 2334 Hemone
1764 2267 1805 2333 ad
1824 2271 1943 2334 Aristot
1965 2270 2045 2330 Poet
2129 2327 2133 2334 .

407 2419 526 2497 pilii,
548 2421 650 2494 δοῖμεν
670 2418 701 2478 in
722 2417 816 2497 praei.
839 2414 933 2496 Soph.
955 2416 1066 2495 pxx,
1098 2418 1227 2476 Wetrier
1253 2413 1284 2474 in
1306 2409 1416 2492 Trilog.
1439 2409 1547 2472 Aesclu
1568 2429 1600 2492 p.
1611 2415 1688 2490 451,
1717 2412 1806 2488 Zeyss
1825 2410 1858 2471 in
1879 2426 1985 2470 comm.
2009 2407 2047 2468 de

408 2554 515 2614 dasch.
539 2554 592 2633 Ag.
616 2571 646 2633 p.
657 2554 707 2631 27,
730 2551 979 2632 erappep.t12.
1014 2552 1095 2613 Unus
1117 2547 1476 2611 sidnacestrensem.
1499 2531 1601 2611 Theoi.
1623 2567 1653 2630 p.
1672 2545 1713 2608 57
1733 2563 1836 2608 veram
1856 2533 2047 2622 ἀλάστορος

410 2697 548 2752 naturam
577 2691 756 2770 significavit
775 2690 824 2750 ille
844 2689 976 2770 quidem,
999 2687 1055 2752 sed
1076 2703 1139 2748 non
1160 2685 1329 2766 explicavit
1373 2683 1642 2747 Grammaticorum
1664 2684 1857 2762 antiquorum
1880 2681 2046 2743 sententias

410 2827 530 2907 collegit
556 2831 708 2901 Btomttetd
737 2827 827 2908 gloss.
856 2827 940 2888 Pers.
962 2825 1039 2900 ³⁶⁰i
1070 2822 1140 2886 vide
1174 2800 1263 2886 etiam
1290 2825 1514 2899 Bmtordqen
1538 2821 1579 2886 ed
1610 2822 1737 2886 Suidam
1764 2839 1792 2882 v.
1814 2807 1985 2896 ἀλάστωρ.
2008 2849 2048 2860 -

408 2961 510 3038 addo,
541 2981 557 3023 a
580 2963 759 3043 Sophocleis
788 2961 897 3024 tabulis
926 2961 1055 3023 alienam
1076 2979 1147 3023 esse
1167 2961 1228 3021 mm
1252 2947 1445 3040 ἆλᾶπορος
1466 2975 1548 3036 eam,
1576 2977 1670 3040 quam
1697 2955 1848 3038 expressit
1867 2951 2045 3033 Aeschylus,

408 3098 439 3156 in
460 3115 559 3179 eaque
580 3116 614 3160 re
636 3098 814 3179 religionum
835 3097 875 3160 ab
896 3105 1026 3179 utroque
1046 3104 1139 3178 poeta
1165 3104 1379 3178 susceptarum
1405 3096 1606 3177 praecipuum
1627 3092 1750 3176 aliquod
1770 3093 1853 3154 cerni
1874 3089 2044 3152 discrimen.

409 3231 568 3304 Quae-res
589 3239 620 3293 et
639 3251 697 3314 per
717 3251 751 3296 se
772 3232 978 3296 memorabilis
1000 3240 1091 3314 atque
1113 3231 1259 3312 ampliore
1280 3229 1474 3312 indagatione
1495 3229 1586 3312 digna
1608 3237 1670 3310 est,
1700 3237 1731 3291 et
1751 3245 1895 3309 maguum
1914 3247 2046 3290 momen

408 3379 471 3432 tum
493 3370 563 3432 lacit
582 3371 612 3432 iu
634 3368 827 3449 dijudicanda
848 3371 1073 3451 tetralogiarum
1094 3367 1335 3448 Sophocleamm
1353 3369 1540 3447 quaestione.

506 3507 533 3566 ti.
576 3509 729 3580 detritas,
752 3507 805 3587 qui
826 3505 900 3568 dixit
919 3507 950 3568 in
971 3509 1045 3570 llus.
1066 3505 1160 3567 llhen.
1184 3504 1270 3564 teta.
1292 3503 1311 3563 t.
1333 3505 1353 3562 t
1380 3504 1412 3564 in
1435 3501 1616 3584 explicanda
1644 3493 1707 3591 disp
1728 3503 1885 3566 llomen'ea
1906 3521 1955 3566 me
1976 3505 2047 3566 inte-

409 3639 549 3702 llcissime
570 3659 640 3704 csse
661 3650 833 3718 versatum,
853 3641 912 3702 hoe
933 3659 982 3702 me
1003 3643 1124 3704 nemine
1146 3639 1252 3700 merito
1272 3640 1467 3719 vituperavit,
1495 3639 1578 3721 quod
1606 3641 1737 3721 primam
1757 3642 1839 3704 vocis
1861 3637 2047 3721 significatio

410 3792 482 3836 nem
502 3777 704 3857 neglexeram.
732 3780 785 3862 ..lt
813 3797 894 3861 qnae
916 3779 955 3841 de
983 3797 1057 3841 voce
1086 3776 1126 3840 ad
1148 3777 1256 3838 mentis
1284 3773 1437 3838 turbatam
1466 3779 1626 3840 sanitatem
1646 3779 1791 3842 translata
1813 3777 1982 3858 disputavi,
2010 3794 2047 3839 ea

411 3930 450 3974 ne
465 3929 547 3976 nunc
562 3915 686 3994 quidem
702 3917 937 3980 retractaverim.
968 3915 1127 3977 Caeterum
1141 3912 1180 3974 de
1191 3911 1276 3974 vocis
1291 3912 1406 3993 origine
1425 3914 1460 3975 cl.
1476 3917 1648 3976 Doedertiui
1659 3916 1757 3978 Gloss.
1772 3916 1856 3978 ilem.
1871 3933 1954 3997 spec.
1973 3935 2002 3998 p.
2020 3920 2045 3978 l.

508 4054 537 4114 7.
578 4054 771 4132 interpretes,
792 4053 824 4113 in
846 4054 892 4114 his
913 4055 1118 4123 Doedertisua,
1140 4055 1323 4129 praeceptor
1343 4055 1374 4108 et
1394 4049 1509 4130 collega
1530 4051 1716 4129 carissimus,
1737 4052 1768 4114 in
1790 4053 1880 4114 aliam
1896 4054 2056 4134 accipiunt·

413 4193 591 4253 sententiam
611 4189 685 4252 illud
705 4177 787 4251 ἄνθ’
809 4179 901 4250 deoc·
930 4205 998 4249 mea
1024 4185 1246 4268 interpretatio,
1278 4182 1327 4244 illa
1355 4201 1449 4264 wem
1476 4187 1606 4267 exposui
1631 4185 1769 4250 doctrine
1791 4191 1917 4254 sceleris
1945 4190 2047 4253 scelus

409 4328 561 4404 punientis
582 4330 712 4406 munita,
734 4326 932 4407 simplicitatis
953 4341 1077 4405 quoque
1097 4323 1216 4386 videtur
1236 4320 1350 4384 habere
1371 4321 1673 4388 commendationem.

509 4463 538 4524 8.
582 4464 704 4544 Opponi
725 4470 827 4544 potest
847 4463 894 4524 ir.
921 4459 1037 4522 neonae
1060 4464 1133 4522 151:
1161 4455 1248 4535 θεὸς
1277 4459 1340 4543 pis
1361 4456 1479 4525 αἰτίαν
1500 4459 1582 4545 paics
1602 4463 1758 4544 βροτοῖς,
1790 4453 1874 4526 ὅταν
1894 4461 2046 4527 κακῶσαι

409 4596 505 4680 doipe
527 4593 712 4682 παμπήδην
731 4595 841 4688 stip,
868 4618 928 4681 qua
957 4597 996 4660 de
1019 4600 1167 4662 sententia
1187 4600 1271 4663 Plato
1297 4598 1470 4681 indignatur
1496 4599 1570 4680 [lep.
1586 4601 1616 4660 ll.
1638 4599 1700 4661 380
1719 4599 1752 4661 ll.
1793 4599 1832 4662 At
1860 4617 2046 4680 quemquam

408 4738 505 4820 colligi
526 4738 651 4800 forsitan
672 4754 711 4797 ex
730 4736 854 4800 Platone
874 4739 986 4817 possit,
1016 4735 1162 4798 hocloco
1183 4754 1245 4799 non
1265 4735 1369 4799 itidem
1391 4737 1438 4818 agi
1458 4736 1497 4798 de
1519 4737 1610 4818 culpa
1631 4755 1750 4818 poenae
1772 4737 1840 4799 loeo
1862 4739 2046 4816 commerita,

408 4893 501 4954 quum
521 4883 623 4938 temen
643 4875 828 4955 ignoremus,
849 4892 887 4936 ee
908 4873 1004 4937 verba
1025 4875 1093 4954 quis
1115 4881 1145 4934 et
1165 4891 1225 4956 qua
1247 4873 1465 4936 sententiarum
1480 4873 1703 4936 continuatione
1718 4875 1935 4954 pronunciarit,
1957 4877 2046 4940 claris

407 5018 515 5088 poetae
536 5011 714 5077 testimoniis
735 5011 807 5074 nihil
828 5009 900 5074 inde
922 5010 1062 5092 derogari
1082 5017 1190 5092 potest.
