4808 5706
406 1019 595 1104 (migentius
616 1015 784 1100 significat
805 1013 1021 1078 adventicium
1044 1029 1124 1074 esse
1154 1016 1189 1072 et
1209 1011 1417 1072 extrinsecus
1443 1007 1536 1070 illato
1558 1007 1751 1072 detrimento
1773 1011 1922 1076 similem.
1961 1006 2043 1094 ’Ἀτη

405 1175 561 1240 nomque,
590 1153 630 1216 nb
662 1145 738 1216 άάω
770 1151 868 1216 ducta
894 1171 975 1231 vox,
1003 1154 1039 1212 ut
1070 1167 1132 1210 nou
1159 1163 1234 1208 raro
1264 1163 1324 1228 pro
1354 1145 1459 1208 damni
1492 1145 1612 1208 (licitur
1637 1147 1799 1230 illatione,
1827 1153 1875 1212 lta
1910 1152 2043 1232 saepius

404 1299 504 1359 etiam
526 1309 587 1375 pro
608 1289 741 1368 damno,
774 1287 859 1370 quod
892 1287 1015 1350 illatum
1045 1281 1151 1359 ew).
1194 1278 1260 1343 Setl
1289 1299 1348 1344 eos
1369 1280 1479 1362 locos,
1513 1284 1543 1342 in
1567 1283 1684 1364 quibus
1706 1303 1872 1350 commune
1894 1286 2043 1348 damnum

407 1429 613 1511 intelligitur,
634 1425 942 1510 praetermittimns3
964 1419 1213 1485 consideremus
1234 1437 1305 1497 cos,
1326 1421 1357 1480 ln
1379 1419 1494 1501 quibus
1517 1418 1601 1501 quud
1624 1417 1760 1482 affertur
1781 1423 1892 1484 vitium
1913 1425 2045 1506 proprie

409 1567 553 1629 cernitur
573 1567 604 1625 in
626 1566 745 1626 urentis
766 1563 899 1626 turbata
918 1560 1070 1622 sanitate.
1115 1555 1163 1618 Ea
1183 1571 1298 1616 rursus
1319 1561 1376 1617 aut
1396 1561 1492 1618 vacat
1511 1556 1657 1639 piaculo,
1687 1557 1789 1620 veluti
1816 1579 1911 1642 quum
1933 1578 2044 1642 panor,

408 1721 502 1788 quern
523 1703 575 1764 liii
598 1703 749 1764 hostibus
771 1695 939 1780 injiciunt,
969 1687 1144 1780 ρίψοπλος
1171 1688 1239 1757 άτα
1260 1691 1378 1754 δ1ο11ιιι·
1406 1692 1439 1752 S.
1471 1690 1528 1753 Th.
1551 1697 1628 1774 315,
1658 1699 1713 1756 aut
1733 1714 1830 1777 quum
1853 1697 1963 1779 Suppl.
1984 1699 2046 1762 eoo

404 1837 570 1900 iianaider
596 1833 755 1918 jubentur
781 1836 841 1920 βίᾳ
870 1831 1051 1916 μεθέσθαι
1073 1819 1175 1915 piperi
1194 1821 1222 1892 τ’
1244 1823 1349 1906 άταν,
1379 1829 1409 1892 li.
1430 1847 1459 1892 e.
1484 1847 1648 1913 errorem,
1681 1848 1743 1913 quo
1771 1849 1865 1895 mens
1887 1839 2046 1916 occupata

404 1983 555 2055 tenetur,
577 1979 612 2036 et
634 1973 758 2035 viribus
780 1967 1019 2052 potentioribus
1039 1972 1074 2031 ct
1095 1967 1281 2030 sanioribus
1303 1965 1451 2030 consiliis
1473 1969 1661 2044 remittere,
1692 1985 1754 2048 quo
1780 1971 1925 2050 pertinet
1947 1973 2045 2032 etiarn

405 2113 493 2196 qood
520 2109 727 2172 Wellnuerna
757 2107 916 2184 feliciter,
950 2110 986 2167 ut
1022 2101 1168 2180 vitetur,
1203 2105 1348 2165 restituit
1377 2105 1409 2165 ln
1438 2103 1549 2186 Suppl.
1572 2107 1651 2169 885:
1685 2107 1820 2189 βρέτεος
1849 2098 1932 2187 άρος
1963 2099 2043 2183 άτα,

407 2251 495 2334 signi
518 2245 715 2330 praesidium
739 2243 982 2308 monumentis
1004 2256 1099 2302 error
1125 2243 1188 2301 est.
1232 2242 1293 2303 lut
1321 2245 1374 2302 est
1401 2241 1458 2304 llla
1487 2245 1605 2306 mentis
1627 2245 1756 2306 insania
1784 2245 1893 2306 vicina
1914 2245 2040 2328 culpae,

407 2385 490 2450 unde
518 2385 570 2468 lit,
601 2389 638 2448 nt
666 2375 728 2464 άτη
758 2361 853 2443 morlo
882 2379 1056 2442 transitive
1084 2379 1130 2438 ait
1158 2378 1209 2438 ria
1238 2379 1423 2460 corruptrix
1450 2381 1587 2462 mentis,
1617 2379 1713 2442 modo
1746 2383 1955 2444 intransitive
1983 2401 2042 2466 pro

406 2525 517 2608 culpa,
541 2539 625 2605 quae
647 2523 831 2602 corruptam
852 2522 992 2580 mentem
1014 2517 1171 2598 sequitur.
1216 2516 1319 2595 itque
1342 2510 1428 2574 illem
1451 2513 1579 2596 quidem
1609 2515 1882 2598 significationem
1906 2539 2045 2604 cognos-

406 2665 511 2723 cimus
538 2661 570 2720 ln
600 2659 633 2721 S.
664 2657 723 2720 nn.
745 2660 820 2719 listi:
848 2650 891 2737 μή
919 2656 953 2716 τί
975 2669 1016 2716 σε
1041 2646 1274 2735 θνμοπλρθλγς
1302 2647 1505 2733 δορίμαργος
1533 2644 1600 2716 άτα
1628 2655 1772 2737 φερέτω·
1819 2657 1878 2739 lg.
1909 2659 1985 2721 386:
2022 2649 2044 2720 ά

407 2793 551 2859 τάλαινα
581 2786 715 2868 πειθά,
750 2787 1010 2873 προβονλδπαις
1038 2781 1207 2874 ἄφερτος,
1244 2779 1338 2862 άτας·
1370 2788 1412 2850 ib.
1434 2791 1509 2850 ⁷71:
1544 2780 1683 2871 άνίερον
1716 2789 1852 2874 θράσος
1880 2794 2045 2876 μελαίνας

404 2931 634 3014 μελάθροισιν
654 2923 748 3003 άτας.
791 2927 832 2990 Et
853 2944 893 2990 ea
914 2944 1008 3010 quam
1030 2926 1168 2990 dicimos
1191 2925 1314 2990 infesta
1341 2925 1442 2988 menti
1463 2925 1515 2986 via
1537 2927 1686 2990 insaniae
1707 2947 1881 3012 personam
1905 2935 2046 3014 suscipit

406 3071 563 3150 numinis3
586 3068 619 3131 S.
645 3067 703 3128 Tin
720 3070 799 3130 iio:
823 3061 967 3129 ἓστακεν
981 3057 1084 3145 ’Ἁτης
1103 3059 1272 3144 τρόπαιον
1293 3057 1331 3126 ἐν
1346 3059 1484 3140 πάλαις,
1502 3056 1541 3129 ἐν
1558 3061 1615 3140 οἷς
1630 3057 1823 3130 ἐθείνοντο·
1845 3067 2044 3134 Ρειε.1θθδι

407 3202 447 3271 iol
470 3202 510 3271 r’o'r
533 3205 711 3288 δαίμονες,
735 3193 863 3266 ἔθεσθ’
885 3195 1037 3266 άελπτον
1057 3195 1202 3276 κακὸν-,
1225 3195 1301 3263 οἷον
1323 3197 1482 3282 δέδορκεν
1501 3192 1609 3276 Ἄτα,
1632 3221 1691 3284 pro
1717 3219 1756 3264 eo
1779 3201 1868 3266 vultu
1899 3225 1961 3286 qno
1985 3225 2044 3268 nus

404 3344 537 3427 aspexit
559 3344 739 3424 corruptrix
760 3341 878 3402 urentis
907 3341 977 3401 lte.
1021 3336 1153 3419 culpam
1180 3343 1305 3416 sutem,
1335 3353 1419 3419 quae
1447 3339 1597 3420 sequitur
1623 3337 1774 3402 affectem
1804 3342 1932 3407 insania
1958 3363 2046 3408 men·

404 3487 488 3558 toni,
510 3477 625 3541 eodem
647 3477 845 3540 declaratam
867 3474 1025 3538 vocabulo
1050 3473 1161 3537 videre
1182 3473 1262 3537 licet
1289 3474 1321 3535 io
1344 3475 1396 3537 llis
1418 3473 1518 3537 locis:
1551 3477 1607 3558 lg.
1641 3483 1719 3541 iiiii
1749 3476 1950 3562 πράτορχος
1971 3475 2045 3564 άτιγ,

406 3616 500 3699 culpa
521 3613 711 3700 principalia
734 3613 908 3696 omnisque
930 3609 1075 3694 reliquae
1099 3629 1203 3674 noxae
1223 3629 1362 3694 pareus,
1396 3611 1552 3694 Thyestis
1574 3619 1608 3676 et
1628 3614 1777 3695 leropne
1800 3623 1937 3678 vocatur
1957 3617 2045 3679 adul-

405 3757 541 3834 teriurn3
562 3754 606 3816 ib.
631 3755 710 3816 1284
731 3752 868 3814 tirestes
890 3755 1087 3812 memoratur
1108 3754 1142 3810 nt
1163 3741 1249 3822 άτας
1268 3746 1371 3824 τάςδε
1391 3746 1591 3830 θριγκώσων
1614 3747 1740 3832 φίλοις·
1764 3751 1819 3813 cir.
1837 3757 1897 3816 tiis
1919 3748 2042 3834 ἔρωτες

407 3894 564 3952 vocantur
584 3883 702 3953 άταισι
725 3885 896 3969 σύννομοι.
939 3884 1028 3949 iride
1051 3887 1106 3948 (ilr.
1128 3889 1207 3968 ⁸²⁰3
1237 3887 1294 3968 lg.
1321 3891 1417 3966 15233
1446 3887 1535 3950 llum.
1559 3889 1635 3968 9823
1665 3887 1776 3971 Suppl.
1802 3875 1876 3970 rr'o,
1905 3888 2045 3974 denique

403 4042 464 4089 eos
488 4024 596 4101 locos,
619 4027 651 4086 ln
673 4025 790 4107 quibus
811 4018 892 4107 άτης
913 4022 1105 4086 vocabulum
1127 4019 1350 4105 accipientium
1379 4026 1433 4086 est
1460 4024 1492 4084 in
1519 4025 1715 4084 senientiam
1746 4041 1785 4085 ex
1808 4023 1984 4090 infortunio
2007 4035 2041 4090 ei

405 4161 499 4241 culpa
525 4163 673 4242 mixtam
705 4161 761 4222 cir.
783 4165 859 4225 tot:
888 4155 1113 4240 παράμουσος
1141 4151 1220 4241 ἄτης
1250 4157 1467 4243 αἱματόεσσα
1489 4157 1625 4242 πλαγά,
1655 4161 1696 4220 ib.
1722 4161 1818 4222 icio:
1850 4167 1914 4225 ποτ
1942 4186 2042 4225 κατα-

409 4295 497 4378 λήξει
516 4296 786 4380 μετακοιμισθὲν
804 4299 906 4380 με’νος
927 4289 1027 4379 άτιγςς

507 4435 572 4496 ilco
599 4437 719 4496 itinere
746 4436 850 4516 prima
882 4435 974 4495 vocis
1001 4432 1200 4516 significatio
1234 4431 1274 4496 nil
1301 4437 1422 4496 ruentis
1452 4431 1665 4515 corruptelam
1695 4438 1730 4496 et
1758 4433 1833 4497 inde
1856 4443 2043 4500 nascentem

407 4569 532 4651 culpam
555 4568 681 4635 dellens
702 4579 773 4654 est3
796 4571 901 4636 ultera
922 4573 1057 4633 mutatio
1078 4571 1132 4650 tlt,
1155 4587 1251 4654 quum
1273 4570 1498 4650 infortunium,
1528 4587 1591 4651 quo
1613 4573 1687 4652 quis
1709 4571 1879 4654 plectitur,
1905 4593 2045 4657 μοοιιιιε

406 4709 469 4770 viru
492 4713 548 4770 aut
569 4705 725 4771 αίείοιιιί
747 4709 855 4771 habet.
899 4705 934 4770 ln
959 4709 1014 4770 (ili.
1036 4711 1096 4772 ³88
1118 4708 1247 4790 Jupiter
1267 4706 1451 4769 hominibus
1472 4705 1629 4770 aeclesiis
1652 4706 1807 4772 κάτωθεν
1828 4711 1926 4770 mittit
1949 4701 2046 4776 ὕστε-

405 4843 569 4926 ρδποινον
589 4837 691 4925 άτην,
721 4845 751 4906 ir.
775 4863 803 4907 e.
826 4861 964 4927 poenam
987 4843 1223 4909 antecedentes
1245 4845 1321 4907 illos
1343 4843 1458 4908 claudo
1479 4843 1564 4926 pede
1586 4848 1795 4926 sequentem
1827 4843 1868 4906 ci.
1895 4849 1949 4932 lg.
1966 4851 2044 4914 819:

407 4973 656 5063 inprimitur
678 4983 797 5059 ζάσιν,
824 4981 959 5046 ultionis
993 4984 1026 5044 in
1057 4987 1245 5066 expugnatu
1274 4984 1356 5047 urbe
1379 4979 1523 5063 'l'rojnoa
1549 4980 1715 5065 procellae
1748 4983 1871 5066 rigent.
1924 4987 2043 5066 Solius,

1600 5099 1646 5163 2²²²
