4808 5706
1212 775 1249 862 5

417 1023 474 1085 tim
495 1023 589 1084 entra
610 1017 859 1081 vaticinationes
881 1017 998 1078 Gracci
1020 1015 1168 1077 homines
1189 1011 1248 1074 iati
1269 1015 1501 1078 necessitatem
1523 1029 1565 1077 ex
1592 1013 1675 1102 actis
1701 1013 1811 1092 potios
1832 1010 1932 1073 rebus
1953 1005 2051 1071 inter'-

417 1161 587 1242 pretentur
608 1171 703 1238 qnam
725 1157 906 1237 suscipiant
927 1155 959 1214 in
982 1151 1130 1237 agendis.
1173 1151 1253 1214 Nam
1275 1152 1359 1213 scite
1379 1149 1587 1232 Beribelemp
1610 1150 1762 1233 (voyage.
1780 1148 1822 1212 du
1845 1144 1947 1228 jeune
1969 1149 2050 1209 iina-

418 1293 620 1361 mersisti.
643 1295 766 1376 pitin)
789 1288 1004 1373 depersonis
1032 1291 1063 1351 in
1094 1284 1231 1365 fabulis,
1261 1284 1310 1348 e'ls
1339 1285 1571 1370 ratramne,
1602 1288 1721 1370 inquit,
1751 1305 1879 1350 comma
1907 1283 1985 1350 s’e'ls
2006 1305 2050 1349 oe

415 1429 618 1514 poenotens
636 1429 737 1512 re'en3
757 1428 808 1493 s'ls
829 1427 1010 1518 egissent,
1030 1443 1159 1490 comens
1180 1421 1258 1485 s'a'ls
1276 1422 1479 1506 ponooisnt
1499 1436 1590 1492 tout.

517 1569 622 1650 Atque
641 1583 683 1630 ex
703 1553 895 1648 bescbpieis
917 1563 1037 1627 tabulis
1060 1567 1197 1645 apparet
1217 1561 1279 1624 boc
1301 1561 1450 1626 dilucide.
1493 1563 1528 1624 in
1550 1559 1764 1628 Prometheo
1795 1562 1922 1646 quidem
1950 1565 2051 1626 iatum

421 1712 455 1768 ct
474 1705 559 1770 Jove
580 1710 615 1768 ct
635 1703 829 1767 Prometheo
849 1703 1018 1785 potentius
1040 1700 1170 1763 iabuiee
1192 1700 1375 1783 subjectum
1399 1707 1453 1766 est
1481 1721 1539 1784 pro
1560 1699 1786 1782 fundamento,
1815 1719 1877 1784 quo
1899 1700 1966 1762 isio
1988 1701 2053 1762 nisi

419 1841 585 1906 destinata
605 1841 763 1924 quaedam
785 1844 918 1919 essent,
941 1839 1058 1921 quibus
1081 1844 1114 1902 et
1136 1839 1265 1920 Jupiter
1285 1843 1319 1900 et
1338 1839 1551 1902 Prometheus
1573 1844 1773 1914 tenerentur,
1797 1836 1902 1902 nuilus
1924 1836 2052 1899 iuturus

418 1985 492 2044 erat
518 1976 651 2044 fabulae
679 1975 781 2039 iocus.
823 1979 863 2040 at
891 1979 964 2059 ipsa
990 1975 1101 2040 isbuia
1127 1976 1202 2059 quid
1230 1975 1330 2039 babet
1357 1974 1444 2039 aliud
1477 1993 1571 2058 quam
1599 1976 1718 2039 iactam
1739 1993 1781 2036 ex
1801 1979 1937 2056 utraque
1958 1978 2054 2054 parte

420 2131 592 2180 causamn
622 2113 861 2175 contentionem
888 2109 1140 2192 contrariarum,
1177 2129 1311 2196 quarum
1348 2129 1440 2174 suam
1466 2117 1604 2196 uterque
1633 2116 1723 2190 (nam
1750 2113 1844 2176 Joris
1878 2127 2053 2194 personam

420 2253 508 2334 gerit
528 2249 726 2326 Mercurius]
747 2246 866 2312 clamat
888 2267 966 2312 esse
984 2248 1222 2331 justissimam,
1255 2248 1504 2334 injustissimam
1529 2250 1738 2316 adversarii?
1779 2251 1858 2312 Nam
1886 2248 1951 2310 isto
1984 2250 2053 2330 qui·

421 2387 493 2452 dens
522 2403 627 2470 neque
664 2388 795 2470 Jupiter
829 2386 869 2450 ad
896 2388 1123 2452 Prometheum
1156 2389 1448 2454 excarnificandum
1481 2389 1639 2474 adigitur,
1676 2405 1737 2450 nec
1769 2383 1983 2449 Pnomcibeus
2013 2382 2054 2446 ad

419 2524 656 2602 sciscianus,
695 2540 780 2606 qnae
807 2523 886 2588 iacit
915 2527 947 2587 in
978 2524 1172 2604 tabula,·ut
1201 2528 1362 2591 iiceunum
1391 2531 1585 2610 aspernetur
1611 2528 1884 2597 intercessorem,
1912 2523 1948 2584 ut
1977 2535 2055 2582 ven·

420 2671 527 2727 turum
566 2658 738 2743 aliquando
777 2661 842 2724 sibi
877 2660 1105 2742 liberatorem,
1136 2666 1172 2724 nt
1204 2661 1409 2728 deturbatum
1442 2667 1483 2726 iri
1521 2662 1604 2726 solio
1637 2662 1754 2726 Jovem
1792 2657 1978 2742 praedicat,
2019 2660 2055 2719 ut

423 2801 556 2866 moueat
584 2795 697 2878 effari,
729 2798 846 2880 quibus
875 2798 1100 2862 abstinendum
1131 2801 1176 2862 sit
1203 2802 1278 2866 Jovi
1307 2803 1438 2883 nuptiis.
1494 2801 1583 2864 ilaec
1612 2801 1697 2862 enim
1727 2799 1835 2860 omnia
1863 2795 1943 2858 iacit
1969 2793 2057 2856 nulia

423 2939 557 3000 coactns
578 2937 780 2998 necessitate
801 2939 958 2998 extranca
978 2952 1041 2998 nec
1068 2935 1133 2999 uilo
1154 2937 1300 3004 iaiaiiter
1327 2941 1502 3021 superante
1531 2955 1691 3000 concursu
1717 2953 1897 2998 causarum.
1939 2929 2056 2994 Vides·

422 3089 494 3136 mus
515 3069 661 3136 Persas.
704 3071 772 3133 iioc
793 3075 904 3155 utique
925 3073 956 3134 in
979 3071 1059 3137 istis
1079 3079 1151 3137 erat
1171 3081 1269 3158 atque
1290 3093 1332 3138 cx
1353 3073 1474 3138 oraculi
1496 3073 1814 3159 praesignificatione
1835 3073 1933 3134 iiario
1956 3071 2056 3132 notis·

423 3210 550 3288 simum,
571 3209 745 3273 Persarum
766 3225 868 3294 regno
888 3207 1015 3292 pridem
1037 3213 1204 3274 imminere
1225 3213 1376 3292 exitium3
1398 3213 1438 3275 ci.
1461 3213 1551 3274 Pers.
1574 3215 1636 3276 tau
1657 3229 1748 3293 sqq,
1769 3212 1831 3272 8⁰⁰
1852 3225 1922 3291 sqq.
1947 3205 2053 3282 (Pons.

421 3345 546 3424 binc).
589 3345 781 3410 vaticinium
803 3347 864 3409 boc
886 3346 970 3430 quod
991 3353 1095 3412 ratum
1116 3351 1148 3410 in
1168 3349 1276 3410 Xerxe
1297 3351 1502 3430 potissimum
1522 3349 1601 3429 iuit,
1625 3346 1719 3429 culpa
1738 3363 1842 3430 penes
1865 3348 1971 3426 ipsum
1993 3345 2056 3421 est,

423 3486 478 3569 qui
499 3485 684 3548 temeritate
707 3488 806 3566 atque
827 3486 1002 3549 insolentia
1022 3487 1112 3548 Deos
1140 3488 1351 3567 provocarim
1376 3489 1455 3549 iit:
1487 3477 1563 3549 ἀλλ’
1593 3478 1677 3550 ὅταν
1705 3480 1837 3573 σπεύδῃ
1865 3504 1917 3558 τις
1938 3471 2054 3556 αὐτός,

422 3611 471 3704 χῶ
491 3615 578 3696 θεὸς
599 3617 806 3696 natureae
826 3617 893 3687 κτέ.
935 3625 983 3686 Ne
1003 3622 1208 3686 Plataeensis
1230 3621 1359 3703 quidem
1386 3622 1571 3700 calamitas,
1600 3641 1663 3706 quo
1685 3627 1833 3705 tempore
1854 3619 1957 3685 redux
1977 3621 2056 3681 Xer-

423 3775 483 3822 xes
498 3761 532 3822 in
547 3758 694 3822 Persium
715 3765 778 3840 est,
801 3761 968 3824 etiamtum
988 3759 1114 3842 relique
1134 3760 1253 3835 toturn,
1276 3759 1334 3820 iuti
1356 3758 1489 3822 decreto
1510 3763 1705 3844 praestituta
1719 3765 1782 3837 est,
1804 3758 1865 3822 sed
1877 3758 2055 3840 religiones

426 3892 597 3958 ulciscitur
619 3895 778 3959 Graeciae
799 3894 958 3976 violatas3
981 3895 1021 3958 ci'.
1050 3915 1081 3958 v.
1103 3898 1165 3958 8⁰8
1186 3912 1273 3978 sqq..
1317 3894 1404 3959 ideo
1427 3914 1467 3959 ne
1489 3896 1618 3960 sununs
1640 3895 1771 3981 quidem
1790 3898 1944 3960 universa
1964 3897 2055 3980 regis

422 4032 577 4098 tribuitur
595 4029 683 4111 isto,
705 4029 823 4094 nedum
843 4036 880 4094 ut
900 4049 983 4115 quae
1004 4037 1162 4118 geruntur
1188 4033 1221 4094 in
1243 4049 1345 4096 scena
1365 4037 1495 4116 possint
1515 4033 1581 4098 ulio
1601 4039 1698 4116 pacto
1727 4034 1768 4096 ad
1789 4031 1920 4094 iatnicm
1941 4049 2057 4096 ncces·

423 4173 555 4233 sttaiem
577 4171 736 4232 revocari.
780 4169 892 4250 Neque
914 4168 1011 4231 aliter
1030 4185 1068 4232 sc
1089 4187 1144 4231 res
1167 4169 1265 4234 babet
1287 4174 1318 4234 in
1341 4167 1483 4258 Septem
1504 4171 1664 4236 urrerem.
1706 4171 1754 4233 ibi
1781 4173 1952 4253 postquam
1974 4171 2056 4230 ceci-

425 4305 540 4370 derunt
559 4305 699 4385 iratres,
723 4303 872 4368 coniecta
892 4306 1003 4390 gentis
1024 4308 1199 4370 universae
1226 4308 1389 4388 pernicie,
1418 4309 1536 4371 clamat
1562 4311 1672 4390 utique
1704 4306 1823 4370 chorus
1852 4329 1883 4371 r.
1905 4309 1982 4370 it‘tt:
2015 4299 2055 4368 io

425 4445 542 4524 Maipa
563 4439 789 4525 βαρυδότειρα
813 4439 951 4526 μογερά.
993 4441 1111 4506 Verum
1138 4443 1171 4506 id
1192 4463 1256 4527 qua
1277 4447 1533 4526 sententiosas,
1563 4451 1698 4527 apparet
1718 4465 1761 4511 ex
1782 4449 1842 4524 iis,
1872 4459 1954 4525 quae
1982 4460 2056 4524 pro·

425 4579 511 4642 xime
532 4577 763 4660 subjiciuntur:
785 4577 911 4644 πότνιά
932 4573 960 4644 τ’
983 4575 1131 4645 Οἰδίπου
1154 4577 1232 4644 σκιὰ
1253 4579 1398 4664 μέλαινά
1420 4575 1449 4648 τ’
1467 4575 1616 4664 Ἐριννὺς
1622 4629 1634 4661 ,
1661 4577 1680 4667 ἢ
1701 4581 1915 4666 μεγασθένης
1935 4603 1986 4655 τις
2015 4576 2055 4644 er'.

425 4713 475 4776 iia
502 4715 703 4796 perimuntur
739 4717 861 4782 iratres
893 4718 1042 4780 Diuorum
1076 4720 1282 4802 ministerio,
1314 4723 1419 4802 patris
1451 4723 1697 4786 exsecrationes
1726 4725 1816 4784 ratas
1851 4719 2057 4798 iacientium

426 4849 467 4912 ci.
488 4853 549 4914 too
570 4867 655 4932 sqq..
699 4853 786 4940 Ergo
809 4855 911 4936 putris
932 4854 1037 4918 iuriae
1069 4855 1331 4921 stimulantibus
1354 4855 1484 4940 quidem
1504 4857 1670 4922 Eteociero
1700 4862 1734 4922 ct
1755 4859 1796 4922 ad
1817 4855 2059 4941 suscipiendam

427 4985 592 5054 fraternae
614 4986 726 5052 caedis
749 4989 947 5055 voluntatem
968 4995 1190 5077 exsuscitant,
1212 4993 1273 5059 sed
1295 5013 1357 5058 oon
1378 4994 1572 5062 reluctantis
1595 5001 1650 5060 aut
1671 4992 1747 5076 quid
1769 4993 1855 5060 uliud
1876 4996 1976 5060 iaciat
1996 5015 2057 5058 non
