4808 5706
384 975 586 1052 hunanitas,
619 975 672 1054 qui
695 974 871 1056 Thyestem
899 993 962 1036 una
989 993 1060 1037 oum
1083 976 1218 1060 reliquls
1238 978 1353 1041 tiberis
1386 941 1483 1042 eiiam
1515 999 1556 1043 ex
1578 983 1712 1044 civitate
1733 983 1918 1046 exturbavit
1940 985 2014 1074 (ig.

385 1117 491 1194 1⁶⁰5),
515 1109 648 1176 necdum
664 1131 727 1192 quo
746 1116 892 1193 tempore
909 1109 1051 1193 Trojano
1067 1114 1243 1196 parabatur
1258 1115 1423 1199 expeditio
1439 1119 1679 1180 atrocissimum
1692 1123 1770 1180 erat
1783 1117 1894 1180 scelus
1907 1119 2017 1202 expia·

382 1257 460 1314 tum
489 1253 592 1332 Atque
608 1251 777 1311 etiamtum
789 1246 847 1310 iiia
862 1247 955 1330 eulpa
967 1251 1075 1312 teneri
1086 1267 1194 1334 genus
1208 1255 1391 1332 portentum
1407 1251 1485 1316 illud
1502 1253 1681 1317 declaravit
1699 1253 1877 1336 aquilarum
1896 1255 2016 1318 foetam

383 1388 528 1472 leporem
549 1372 789 1462 devorantium,
812 1381 906 1465 cujus
928 1389 1069 1467 portenti
1092 1389 1155 1450 vim
1177 1387 1347 1451 uemodum
1369 1386 1455 1470 quod
1476 1390 1578 1452 seiam
1600 1394 1770 1472 perspexit
1790 1394 2014 1473 interpretum.

381 1525 451 1588 lina
472 1495 690 1602 inteipreuni
721 1519 858 1583 Galatas
889 1527 1060 1603 postquam
1090 1523 1172 1586 dixit
1193 1544 1233 1589 ex
1253 1531 1347 1608 parte
1379 1527 1639 1609 praesignificari
1668 1528 1854 1602 victoriam,
1885 1533 2017 1590 veretur

381 1667 506 1738 tamen,
542 1676 582 1722 ue
616 1675 710 1741 quam
737 1658 878 1720 Deorum
913 1657 1067 1721 iuvidiam
1100 1679 1244 1744 pergens
1281 1665 1312 1724 in
1347 1665 1457 1726 Asiam
1496 1663 1591 1725 miles
1626 1665 1815 1746 experiatur
1850 1663 2013 1728 infestam.

383 1794 498 1883 Oi'arp
526 1792 611 1879 γὰρ,
640 1797 744 1876 lnquit
772 1812 802 1855 v.
828 1799 901 1872 1³5,
936 1787 1135 1878 ἐπίφθονος
1158 1789 1318 1878 ’Ἄρτεμις
1348 1789 1455 1878 dyada,
1488 1804 1729 1863 πτανοῖσιν
1758 1801 1855 1862 κυσὶ
1885 1795 2017 1882 πατρὸς

380 1925 564 2000 αότότοιιον
594 1929 661 2016 πρὸ
690 1929 794 2014 λόχου
821 1927 970 2015 μογερὰν
991 1929 1104 1996 πτότια
1132 1935 1376 2016 θυομένοισιν,
1406 1942 1555 2018 στυγεῖ
1581 1935 1627 1999 dd
1654 1933 1838 2000 δεῖπνον
1865 1929 2013 2002 αἰετόν.

379 2069 601 2146 θοοοτοοόυιι
623 2071 676 2131 est
696 2070 798 2144 enim,
819 2069 925 2132 Diana
945 2067 1020 2132 dam
1041 2077 1218 2134 auoeenset
1240 2071 1358 2154 aquiiis
1381 2089 1439 2134 our
1459 2074 1623 2134 irascatur
1650 2075 1748 2136 etiam
1777 2071 1872 2160 οἴτῳ.
1916 2072 2014 2136 intei-

379 2208 493 2293 ligitur
520 2206 582 2269 hoo
609 2223 651 2270 ex
673 2223 731 2285 eo,
759 2205 844 2288 quod
873 2205 1002 2290 aquilae
1034 2209 1161 2271 nefarie
1191 2212 1432 2272 commiserunt
1481 2209 1522 2270 iii
1552 2226 1691 2291 namque
1725 2209 1876 2273 nefandis
1905 2209 2013 2293 epulis

378 2346 587 2429 repleverunt
607 2363 664 2428 σος
687 2344 802 2408 eadem
821 2343 936 2407 haeret
956 2345 989 2405 iu
1011 2343 1193 2408 Atridarum
1215 2351 1314 2428 gente
1337 2346 1449 2430 culpa,
1481 2343 1575 2425 eujus
1603 2365 1662 2429 pro
1692 2348 1788 2432 signo
1816 2351 1913 2429 atque
1936 2349 2012 2409 ima·

377 2486 454 2568 gine
475 2488 590 2567 pastus
614 2479 793 2562 aquilarum
814 2486 877 2543 eat
920 2481 1043 2544 Dianae
1075 2485 1280 2566 potissimum
1310 2459 1368 2548 eur
1398 2483 1472 2548 odio
1501 2487 1546 2546 sit
1567 2481 1751 2546 Atridarum
1779 2483 1915 2561 domus,
1936 2501 2010 2564 per·

376 2622 517 2702 spiritur
545 2636 588 2680 es
614 2621 756 2701 portenti
785 2621 919 2701 natura3
957 2618 1043 2700 qnod
1071 2622 1156 2682 euim
1186 2637 1302 2683 numen
1330 2625 1361 2684 in
1399 2620 1597 2685 ulciscendis
1619 2624 1771 2682 versetur
1797 2617 1895 2700 pullis
1921 2617 2011 2708 lepo-

273 2791 275 2798 ι
377 2759 475 2836 riuis,
496 2753 604 2818 eidem
623 2757 774 2819 veritatis
795 2761 830 2818 et
850 2758 1003 2840 imaginis
1032 2757 1273 2838 compendiaria
1302 2760 1440 2842 quadam
1468 2758 1660 2822 eoniusiona
1683 2755 1861 2822 liberorum
1883 2775 2010 2840 quoque

377 2895 605 2960 devoratorum
627 2891 706 2956 ultio
726 2895 888 2958 tribuitur.

358 3015 361 3024 ¹
473 3032 534 3095 Est
554 3032 655 3114 igitur
672 3033 780 3113 patris
796 3033 885 3096 Atrei
906 3030 1001 3130 eulpa
1022 3029 1222 3111 praestanda
1242 3030 1308 3094 iiiia
1332 3034 1426 3110 (nam
1447 3031 1508 3094 hoo
1525 3030 1685 3114 Aesohpio
1709 3049 1773 3094 non
1795 3049 1815 3094 a
1831 3028 1909 3112 jure
1931 3030 2009 3095 alie·

377 3189 450 3236 unm
482 3169 588 3234 videri
615 3185 716 3252 supra
743 3167 898 3242 vidimus)
928 3164 1025 3250 idque
1053 3169 1270 3231 severissima
1297 3167 1374 3254 lege
1405 3169 1548 3234 talionis.
1597 3167 1685 3246 Quod
1712 3171 1799 3232 enim
1829 3170 1947 3230 Atreum
1976 3171 2007 3228 in

375 3309 493 3372 aliem
512 3306 629 3370 liberis
650 3305 857 3367 atmaissime
887 3303 1021 3367 violavit
1049 3303 1195 3367 naturaie
1222 3307 1356 3387 pietatis
1380 3305 1456 3388 jus,
1486 3307 1572 3371 idem
1600 3309 1633 3370 in
1662 3325 1725 3370 sua
1751 3303 1922 3368 martanda
1940 3302 2006 3364 filia

376 3463 438 3508 non
459 3447 565 3508 minus
586 3435 743 3508 atrociter
764 3441 895 3508 violare.
909 3443 1038 3525 eogitrrr
1058 3445 1264 3526 Agamemno.
1307 3445 1386 3506 Nam
1408 3447 1524 3508 iratum
1547 3461 1663 3508 numen
1685 3433 1869 3508 αὐτότοκον
1889 3437 2001 3506 πτόκα

376 3581 670 3664 θυομένοισιν
692 3578 848 3662 aquilis
869 3573 1057 3642 σπεύδεται
1077 3581 1246 3643 θυσίαν
1266 3573 1433 3664 ἑτέραν,
1454 3574 1584 3666 ἄνομόν
1599 3572 1675 3658 τιν’,
1697 3573 1840 3648 όόαιτον
1856 3582 1901 3656 (v.
1918 3583 2003 3656 151),

375 3725 492 3803 inquo
515 3717 713 3781 exseerabiii
747 3702 909 3780 saoriiio'io
931 3718 1080 3798 quoniam
1100 3716 1225 3780 Dianae
1252 3715 1372 3780 dieitur
1399 3734 1557 3800 apparere
1587 3736 1722 3797 numen,
1752 3721 2005 3780 cousentaneum

373 3867 427 3924 eet
456 3857 562 3922 nulius
590 3857 736 3919 enubere
768 3857 881 3937 partes
911 3843 1120 3932 ἀλάστορος,
1158 3853 1213 3933 qui
1247 3857 1443 3933 provocatus
1476 3857 1565 3919 atrei
1592 3855 1737 3918 facinore
1767 3873 1906 3937 quonam
1941 3853 2005 3915 alio

371 3996 537 4078 Thyestae
560 3993 688 4056 vindice
710 3997 801 4075 petat
821 3987 1075 4074 Agamemnonis
1097 3995 1209 4072 eaput,
1234 3989 1404 4072 postmodo
1427 3991 1618 4055 uldebimus.
1668 3989 1734 4054 Sed
1755 3993 2006 4075 Agamemnonis

371 4131 533 4215 piaculum
553 4133 585 4193 in
608 4127 802 4194 immolanda
823 4127 890 4190 tilia
909 4131 1098 4209 ausaepium
1128 4129 1195 4190 etsi
1221 4123 1345 4208 justam
1375 4132 1458 4213 regii
1479 4131 1624 4192 muneris
1654 4128 1818 4209 oitioiique
1839 4128 2006 4190 defensio·

373 4287 446 4333 uem
463 4269 565 4332 habet
593 4269 667 4350 (ig.
691 4273 752 4329 iii
774 4268 883 4348 squ),
911 4281 953 4327 ne
977 4281 999 4326 a
1019 4262 1118 4326 ohoro
1140 4263 1287 4347 quidem,
1317 4265 1434 4329 nedum
1462 4266 1502 4328 ab
1529 4283 1630 4329 uxore
1651 4265 1874 4349 praesentium
1896 4281 2005 4328 rerum

372 4406 567 4470 necessitati
589 4403 798 4466 condonatur.
840 4405 920 4466 Nam
949 4399 1004 4463 ilie
1033 4402 1162 4484 quidem
1191 4406 1256 4466 etsi
1286 4403 1436 4468 coneedit
1461 4421 1575 4487 regem
1597 4402 1809 4466 necessitatis
1831 4403 2004 4484 accepisse

370 4543 497 4607 starum
519 4549 567 4616 (v.
588 4542 682 4617 uls),
712 4557 777 4601 non
806 4545 914 4602 tamen
947 4537 1102 4624 iutelligit
1123 4545 1356 4606 nenessitatem
1379 4541 1559 4606 naturalem
1580 4546 1614 4605 et
1636 4536 1885 4617 immutabilem,
1919 4553 2002 4618 quae

371 4677 573 4763 repugnandi
595 4679 827 4741 ooutumaoiam
847 4675 960 4741 eludat
979 4695 1107 4740 omnem
1128 4681 1274 4762 (peterat
1296 4681 1381 4743 euim
1403 4697 1480 4758 rex,
1508 4683 1538 4742 si
1567 4651 1667 4742 poliat
1692 4677 1802 4758 utique
1823 4673 1923 4736 titiam
1946 4676 2002 4734 im·

369 4816 509 4895 molare,
531 4815 696 4880 dimittere
715 4817 929 4894 exereitum),
958 4814 1019 4880 sed
1046 4819 1269 4880 taeterrimum
1302 4817 1431 4880 facinus
1460 4815 1501 4878 ad
1522 4815 1692 4878 constitum
1714 4832 1752 4878 ac
1769 4811 1929 4896 judicium
1951 4826 2002 4870 re·

369 4959 466 5017 vocat
484 4956 673 5037 paternum3
696 4971 725 5016 τ.
748 4958 824 5018 iad:
853 4929 961 5018 τόόον
989 4951 1027 5018 τό
1050 4950 1288 5033 παντότολμον
1310 4957 1452 5036 φρονεῖν
1472 4953 1641 5034 μετέγνω,
1669 4955 1702 5014 in
1725 4971 1788 5034 quo
1811 4950 1883 5012 loeo
1905 4945 2004 5010 vides
