4808 5706
360 975 430 1034 suls
452 972 580 1033 irretiat
600 968 764 1050 consillis3
788 967 934 1032 videmus
956 967 1068 1030 itidem
1089 968 1181 1030 tatoli
1210 968 1412 1030 necessitate
1441 965 1602 1030 bominum
1624 969 1806 1032 actionibus
1829 966 1933 1032 locum
1954 985 1993 1032 ac

359 1110 528 1171 materiam
556 1108 708 1189 praeberi
730 1105 787 1178 (cl.
811 1104 1024 1188 chrysippum
1055 1101 1140 1187 apud
1166 1103 1305 1168 bellium
1326 1104 1384 1184 Vl,
1418 1107 1469 1183 a),
1498 1109 1534 1165 ut
1554 1106 1689 1186 poetae,
1716 1122 1810 1186 qnam
1832 1103 1992 1188 duplicem

360 1245 547 1306 sentiebant
566 1243 707 1305 hominis
729 1246 873 1303 naturam
896 1259 990 1321 esse,
1023 1246 1059 1304 ut
1080 1247 1113 1304 et
1134 1241 1300 1304 extraneis
1322 1241 1421 1302 rebus
1452 1245 1545 1304 esset
1577 1240 1716 1304 obnoxia
1746 1247 1781 1306 et
1810 1245 1906 1306 animi
1937 1263 1991 1306 vo·

357 1380 482 1444 luntate
503 1381 625 1458 libera,
653 1395 723 1440 eam
744 1379 794 1442 sic
815 1378 987 1442 videantur
1013 1379 1045 1439 in
1074 1377 1195 1440 tabulis
1228 1379 1458 1460 expressisse,
1486 1381 1522 1438 ut
1542 1375 1721 1457 bominem,
1750 1395 1792 1440 ex
1814 1396 1878 1460 qua
1898 1381 1991 1460 parte

360 1535 466 1582 rerum
488 1516 742 1580 adventiciorum
765 1533 882 1579 servos
906 1519 973 1591 est,
1009 1531 1050 1575 ex
1077 1531 1117 1576 ea
1146 1485 1349 1594 subjicerent
1378 1513 1456 1578 latis
1478 1517 1603 1578 temere
1626 1529 1699 1576 eum
1721 1515 1752 1576 in
1775 1513 1915 1596 aliquam
1938 1529 1992 1576 oe·

359 1656 528 1718 cessitatls
557 1651 773 1716 conditionem
804 1648 1057 1726 deducentibus,
1088 1648 1243 1730 eundem,
1275 1653 1304 1712 si
1334 1648 1463 1733 quidem
1489 1653 1588 1714 etlam
1618 1649 1783 1714 voluntate
1805 1668 1843 1713 ac
1864 1651 1993 1712 ratione

358 1787 537 1871 praeditum
561 1787 729 1866 videbant,
751 1787 907 1848 arbitrum
930 1785 1139 1848 consiliorum
1160 1784 1381 1868 relinquerent
1402 1789 1474 1850 sine
1495 1787 1660 1852 libertatis
1681 1787 1888 1851 detrimento.

455 1973 494 2033 nt
513 1971 645 2034 tametsi
666 1965 794 2031 fabulas
816 1967 1014 2046 Aeschyleas
1036 1966 1092 2029 illo
1120 1967 1278 2030 communi
1308 1968 1342 2026 et
1362 1965 1394 2026 ln
1418 1983 1531 2029 onmes
1558 1986 1614 2031 res
1642 1967 1761 2030 diffuso
1783 1965 1850 2030 fato
1871 1946 1989 2032 libera·

358 2109 478 2186 vimus,
500 2112 609 2168 tamen
633 2108 664 2167 in
686 2103 753 2166 illis
774 2105 977 2185 peccantium
1006 2106 1206 2186 peccatoque
1228 2102 1428 2183 punientium
1449 2102 1594 2184 vicibus,
1624 2123 1707 2186 quoe
1735 2103 1930 2168 evolvuntur
1958 2107 1990 2166 in

356 2243 499 2321 Orestia,
524 2245 655 2324 propria
677 2238 835 2323 quaedam
857 2244 891 2302 et
912 2238 1090 2322 singularis
1115 2237 1251 2301 offertur
1271 2241 1403 2321 speeies
1425 2237 1499 2318 soti,
1521 2257 1604 2321 quae
1627 2258 1722 2322 quum
1742 2237 1859 2302 tollere
1882 2238 1991 2303 videa·

353 2384 407 2440 tur
428 2377 592 2439 hominum
612 2377 813 2458 libertatem,
835 2376 965 2439 videtur
985 2374 1099 2439 eadem
1120 2367 1243 2439 debere
1266 2373 1392 2458 culpam
1413 2379 1595 2458 praestare.
1632 2377 1787 2438 Nimirum
1809 2393 1892 2458 quae
1915 2395 1990 2438 con-

354 2514 494 2576 trahitur
515 2513 609 2596 eulpa
629 2515 669 2577 ab
691 2514 815 2596 aliquo,
838 2532 940 2596 saepe
965 2517 1112 2575 nontam
1134 2510 1252 2574 dicitur
1272 2507 1411 2574 bominis
1433 2531 1511 2576 esse
1533 2511 1731 2597 singularis,
1759 2510 1820 2574 sed
1841 2513 1989 2595 vigentis

354 2667 414 2730 per
434 2654 534 2712 totam
556 2651 689 2732 gentem
710 2651 885 2730 potestatis
907 2652 1040 2731 noxiae,
1063 2644 1156 2732 cujus
1177 2667 1352 2732 personam
1384 2651 1472 2730 gerit
1499 2648 1630 2729 δαίμων
1650 2649 1770 2730 γέννας
1800 2651 1873 2712 slve
1903 2641 1989 2713 ctia-

355 2804 461 2867 στωρ,
490 2802 584 2868 quem
612 2788 648 2845 ut
669 2802 845 2848 memorem
872 2791 1078 2868 peecatorum
1110 2803 1170 2848 nec
1198 2783 1334 2846 inultum
1362 2782 1534 2867 quidquam
1563 2785 1740 2866 patientem
1770 2788 1881 2848 vocari
1909 2785 1989 2849 licet

356 2923 492 2987 Genium
513 2921 651 2984 ultorem
666 2919 705 2996 ⁵).

455 3081 524 3142 lloe
545 3077 585 3141 de
615 3081 713 3164 genio
746 3082 903 3163 imprimis
933 3083 1155 3148 memorabilis
1180 3081 1272 3143 loeus
1302 3085 1355 3142 est
1380 3083 1412 3142 io
1445 3084 1504 3166 Ag.
1537 3082 1767 3160 iub-1576,
1800 3097 1882 3162 quae
1910 3098 1989 3162 pars

355 3216 484 3280 tabulae
508 3232 637 3278 carmen
659 3215 775 3296 babet,
797 3218 881 3300 quod
903 3219 1028 3282 Chorus
1049 3223 1083 3282 et
1106 3218 1365 3302 Clytaemnestra
1386 3222 1504 3282 canunt
1525 3215 1671 3279 alternis.
1715 3217 1764 3279 lbl
1786 3216 1988 3298 Clytaemne-

356 3359 443 3429 stra,
466 3370 559 3434 quem
582 3351 754 3416 confitetur
783 3352 907 3416 chorus
936 3357 968 3416 ln
989 3355 1188 3438 perficienda
1207 3358 1298 3442 regis
1321 3352 1423 3418 caede
1457 3361 1619 3418 versatam
1649 3370 1728 3416 esse
1750 3355 1890 3415 numinis
1912 3369 1987 3435 ope·

353 3505 440 3564 ram,
463 3503 534 3547 eam
556 3489 602 3548 ito
624 3493 759 3552 conatur
779 3492 1006 3574 interpretari,
1035 3499 1070 3555 ut
1101 3496 1133 3554 in
1154 3493 1372 3576 perpetrando
1401 3489 1529 3553 scelere
1552 3488 1726 3552 contendat
1747 3507 1785 3553 se
1808 3508 1870 3551 non
1894 3506 1986 3552 suam

354 3624 415 3689 sed
436 3624 575 3686 alienam
597 3629 748 3706 gessisse
768 3646 942 3710 personam
963 3632 1053 3714 genii
1074 3629 1208 3708 ultoris,
1240 3632 1294 3712 qui
1314 3633 1350 3690 ut
1371 3628 1460 3690 Atrei
1482 3627 1592 3690 scelus
1613 3627 1743 3708 puniret
1764 3629 1796 3690 io
1820 3631 1988 3711 Agamem·

358 3779 439 3823 none
460 3779 551 3824 suom
574 3761 606 3822 in
629 3767 773 3842 speciem
793 3786 832 3831 se
853 3769 1144 3846 transformasset3
1166 3783 1196 3826 v.
1221 3768 1453 3828 ilbi-iiiii:

552 3946 628 4008 ΚΛ.
671 3936 789 4026 αὐχεῖς
810 3943 900 4012 εἶναι
919 3945 1001 4014 τόδε
1020 3939 1162 4031 τοῦργον
1182 3938 1282 4029 ε’μόνς

669 4076 713 4166 μὴ
734 4074 767 4148 d’
787 4076 974 4174 ἐπιλεχθῇς

561 4237 564 4240 ·
667 4209 938 4304 Ἀγαμεμνονίαν
960 4217 1052 4287 εἶναί
1070 4211 1104 4303 μ’
1126 4213 1262 4302 ἄλοχον.

673 4357 929 4448 φανταζόμενος
949 4357 988 4424 δὲ
1008 4360 1139 4438 γυναικὶ
1160 4357 1279 4440 νεκροῦ

672 4487 765 4560 τοῦδ’
787 4488 805 4562 ὁ
827 4493 976 4571 παλαιὸς
996 4491 1114 4580 δριμὺς
1135 4487 1294 4574 dicionem

670 4625 762 4704 τόνδ’
783 4626 968 4712 ἀπέτισεν,

672 4772 790 4840 τέλεον
810 4778 944 4857 νεαροῖς
965 4764 1151 4846 ἐπιθύσας.

356 4941 611 5006 choruscantem
634 4941 735 5019 negot
755 4933 811 4998 illc
834 4931 960 5016 quidem
983 4932 1081 4998 eximi
1111 4945 1214 4993 noxae
1243 4926 1412 4993 mulierem
1441 4931 1496 4992 out
1516 4941 1616 5010 posse
1645 4921 1865 5007 eulpamejus
1888 4929 1986 4988 totam
