4808 5706
352 969 502 1030 trabeatis
524 970 708 1050 parricidali
731 987 857 1032 manum
879 973 1044 1034 instruunt
1064 969 1185 1056 gladio.
1230 972 1329 1046 Quum
1357 967 1447 1032 nulla
1466 987 1573 1034 rerum
1594 968 1769 1033 infeliciter
1790 985 1984 1034 concurren-

352 1105 429 1166 tium
452 1109 653 1168 necessitate
673 1105 832 1170 subactus
854 1126 915 1169 ocu
939 1107 1037 1170 alium
1059 1109 1241 1189 quempiam
1263 1105 1454 1170 Achivorum
1476 1106 1608 1186 ducem,
1637 1123 1773 1188 quocum
1793 1104 1985 1187 congredie-

351 1247 422 1316 tur,
445 1241 503 1304 sed
525 1241 658 1304 fratrem
680 1243 885 1324 potissimum
905 1244 1039 1327 deligit,
1071 1262 1166 1328 quum
1193 1243 1239 1304 ab*
1261 1257 1303 1304 ee
1325 1245 1376 1306 via
1397 1243 1525 1308 consilii
1546 1244 1644 1308 nullis
1665 1242 1854 1307 demovetur
1875 1241 1984 1309 adme·

352 1378 526 1440 ultionibus
549 1377 654 1456 chori,
675 1378 764 1440 dlras
785 1383 889 1462 patris
910 1383 1163 1461 imprecationes
1190 1387 1308 1462 suapte
1334 1386 1452 1464 sponte
1479 1381 1685 1463 exsequitur,
1715 1384 1830 1462 potens
1852 1384 1983 1460 mentis,

351 1513 445 1594 quale
466 1517 511 1576 sit
533 1513 565 1576 id
586 1514 671 1596 quod
691 1516 791 1580 iaciat
811 1517 896 1580 haud
919 1519 1062 1599 ignarus
1105 1519 1279 1581 Veniamus
1302 1517 1343 1582 ad
1367 1515 1587 1605 Trilcgs'om.
1623 1514 1727 1599 llujus
1750 1518 1854 1600 prime
1874 1517 1984 1580 sabula

351 1667 413 1712 uon
441 1653 473 1712 ln
503 1650 592 1715 chori
620 1655 713 1719 modo
737 1654 987 1736 casandracquc
1014 1656 1219 1718 sermonibus
1251 1655 1311 1718 sati
1333 1657 1671 1720 commemorationem
1690 1654 1790 1722 nabet
1812 1657 1896 1720 satis
1916 1655 1983 1720 fre-

350 1791 519 1870 quentem,
551 1789 611 1854 sed
640 1794 739 1854 ctiam
760 1793 917 1854 universa
939 1789 1067 1854 ducitur
1089 1809 1109 1854 a
1128 1789 1220 1852 letali
1242 1797 1393 1871 portento
1413 1790 1610 1873 aquilarum,
1639 1789 1807 1873 gravidam
1834 1791 1981 1874 leporem

350 1925 584 1990 comedentium
616 1929 691 2010 (Ag.
717 1931 791 1990 156:
823 1927 941 1994 τοιοίδε
970 1925 1109 2008 Κάλχας
1137 1924 1197 2000 ξὺν
1221 1925 1381 2008 μεγάλοις
1410 1919 1560 2004 erasnm
1588 1917 1781 2006 οἷπὲιὶοιγξε
1810 1922 1981 2012 μόρσιμ’

349 2053 416 2124 ἀπ’
451 2053 642 2144 ὀρνίθων
671 2053 800 2126 ὁδίων
828 2063 971 2138 οἴκοις
999 2062 1280 2142 βασιλείοις),
1320 2061 1406 2144 qnod
1437 2079 1533 2144 quum
1565 2067 1749 2142 portentum
1778 2063 1855 2128 lrlnc
1885 2083 1979 2148 spem

349 2199 501 2261 ostendat
524 2201 699 2280 victoriae,
720 2217 763 2262 cx
783 2199 887 2264 altera
908 2205 1018 2281 parte,
1051 2217 1133 2282 qnae
1166 2217 1221 2298 res
1243 2199 1329 2262 inira
1349 2201 1455 2284 magis
1477 2198 1707 2280 illustrabitur,
1736 2199 1926 2268 haerentem
1948 2207 1980 2266 in

347 2339 447 2416 geute
469 2335 632 2416 siguificat
653 2336 779 2420 culpam
801 2337 1003 2402 infandarum
1023 2335 1207 2418 epularum,
1234 2335 1394 2418 piaculum
1424 2337 1624 2419 exigentium
1652 2354 1709 2417 pro
1731 2335 1807 2400 tiliis
1830 2342 1981 2402 mactatis

260 2549 261 2554 ἵ
347 2469 535 2532 mactandae
557 2470 652 2536 tiliae.
696 2473 918 2557 Nequidquam
941 2473 1095 2554 calchas,
1125 2479 1159 2536 ut
1181 2472 1299 2536 chorus
1321 2474 1441 2552 reicit,
1472 2474 1576 2552 Deum
1599 2473 1737 2536 coemat
1758 2489 1981 2556 averruncum,

346 2609 434 2668 tauto
469 2611 574 2691 magis
596 2609 865 2690 desiderabilem,
895 2631 957 2694 quc
988 2613 1110 2674 certius
1140 2614 1234 2672 vates
1264 2609 1476 2690 praevidebat
1502 2609 1659 2688 futurum,
1691 2614 1727 2670 ut
1748 2607 1980 2676 admittendum

346 2745 431 2821 patri
453 2746 525 2828 regi
546 2745 673 2810 lacinus
694 2747 879 2814 lacesseret
899 2751 980 2810 iram
1000 2751 1132 2826 matris,
1155 2747 1311 2812 violatum
1331 2729 1476 2810 naturale
1497 2747 1631 2829 pictatis
1647 2743 1705 2827 jus
1727 2744 1877 2808 violando
1893 2747 1978 2812 cirili

239 2859 243 2870 ’
346 2895 385 2940 ac
406 2881 498 2964 regio
516 2879 593 2963 jure
621 2883 851 2950 vindicaturae.
896 2889 933 2948 lt
965 2902 1068 2948 venne
1089 2884 1181 2946 suere
1208 2899 1344 2963 preces,
1374 2901 1479 2966 oeque
1508 2883 1618 2946 lacere
1640 2887 1751 2966 potest
1771 2885 1979 2964 Agamemno,

345 3015 418 3094 quin
450 3034 622 3096 puerorum
650 3027 861 3084 mactatarum
895 3021 1005 3084 scelus
1036 3020 1113 3092 (troc
1141 3021 1225 3082 enim
1255 3018 1432 3100 aquilarum
1462 3020 1587 3083 nelario
1615 3024 1712 3101 pastu
1732 3036 1792 3100 per
1819 3019 1978 3101 quandem

345 3149 615 3232 significationem
643 3156 841 3234 ostenditur]
874 3155 1004 3220 scelere
1030 3159 1140 3239 expiet
1167 3154 1380 3218 immolandae
1410 3156 1513 3234 tiliae,
1540 3155 1634 3240 cujas
1663 3158 1697 3221 in
1724 3155 1831 3218 locum
1860 3155 1978 3222 nullam

345 3287 428 3367 apud
449 3290 642 3372 Aeschylum
665 3293 891 3356 misericordia
914 3295 1051 3356 numinis
1074 3296 1242 3358 substituit
1263 3312 1401 3358 cervam.
1435 3296 1475 3356 At
1496 3293 1579 3355 hauc
1600 3296 1706 3375 ipsam
1729 3293 1977 3360 immolationem

346 3419 450 3500 filiae,
473 3427 544 3489 sine
567 3445 630 3510 qua
651 3447 745 3510 quum
770 3430 858 3494 nulla
878 3430 974 3494 detur
994 3433 1025 3494 in
1048 3431 1178 3512 'frojam
1207 3430 1387 3514 expeditio,
1417 3428 1550 3499 videtur¹
1567 3448 1607 3492 ca
1628 3432 1835 3512 praecipuam
1855 3431 1976 3499 babere

344 3576 364 3621 a
383 3564 585 3626 necessitate
608 3583 715 3630 rerum
738 3569 982 3639 excusationem
1004 3573 1038 3630 ct
1054 3569 1204 3647 imputari
1220 3569 1417 3632 Graecorum
1433 3565 1505 3628 duci
1522 3585 1583 3631 nou
1600 3585 1703 3648 posse
1719 3572 1975 3652 (lg.212sqq.),

344 3715 404 3758 non
426 3695 521 3760 modo
543 3698 803 3780 Clytaemnestra
824 3722 933 3768 verum
963 3725 1003 3768 ne
1033 3705 1153 3768 chorus
1176 3701 1304 3785 quidem
1326 3700 1451 3764 dubitat
1477 3703 1591 3784 culpae
1613 3703 1692 3766 dare
1721 3707 1817 3786 patri.
1860 3705 1975 3784 Subiit,

343 3833 444 3914 inquit
466 3837 590 3900 chorus
613 3857 642 3900 v.
665 3847 735 3920 118,
758 3841 890 3904 letalem
911 3843 1155 3906 necessitatem.
1189 3837 1277 3902 Gur?
1301 3839 1540 3916 „uelamentis
1563 3841 1726 3906 irrlnrrstus
1747 3843 1976 3927 scelerumque

344 3987 463 4051 parens
485 3991 593 4055 ermr,
626 3979 734 4060 turpia
765 3977 944 4055 meditans,
975 3977 1156 4040 mortalium
1186 3979 1312 4038 animos
1343 3975 1455 4058 implet
1475 3976 1651 4055 audacia,“
1682 3997 1745 4039 nou
1775 3999 1839 4060 quo
1858 3999 1916 4044 res
1939 4001 1977 4046 ac

342 4113 490 4192 tempora
509 4108 612 4175 llberc
635 4132 749 4198 regem
771 4115 905 4178 arbitrio
928 4116 1094 4194 privarini.
1139 4111 1241 4194 liujus
1264 4120 1372 4178 autem
1393 4117 1426 4176 in
1453 4114 1610 4176 iocinoris
1630 4114 1813 4180 mercedem
1834 4117 1977 4180 trucu'dnt

343 4247 490 4308 meritum
513 4264 602 4327 uxor,
625 4269 697 4332 uon,
720 4255 774 4335 qui
795 4251 941 4334 vulgaris
964 4269 1057 4313 error
1079 4257 1140 4331 est,
1164 4256 1198 4314 nt
1218 4257 1321 4314 tutum
1342 4253 1409 4316 sibi
1430 4255 1578 4333 praestet
1598 4251 1800 4330 adulterium,
1828 4251 1913 4332 quod
1934 4271 1975 4316 ne

344 4385 461 4446 initura
483 4383 610 4468 quidem
628 4385 732 4450 luisse
751 4389 887 4468 videtur,
910 4390 974 4450 uisi
991 4385 1140 4466 adjutore
1165 4389 1234 4450 viro
1251 4387 1358 4470 aliquo
1375 4387 1579 4452 etadversus
1601 4390 1681 4452 iram
1695 4385 1805 4470 populi
1826 4391 1976 4470 eguisset

342 4521 507 4606 praesidio
530 4523 604 4606 (dg.
631 4527 708 4586 llio
730 4541 800 4608 sqq.
824 4524 895 4588 coll.
924 4528 1000 4586 1434
1021 4523 1160 4606 sqq.)‘³).
1204 4523 1343 4590 caedem
1363 4527 1465 4608 igitur
1485 4527 1591 4588 mariti
1613 4527 1780 4609 cogitavit,
1803 4531 1974 4607 arrtequam

343 4657 383 4722 de
404 4657 555 4722 adulterii
577 4677 682 4744 poena
703 4665 880 4737 metueret,
912 4663 943 4724 in
966 4658 1103 4742 ejusque
1126 4661 1237 4724 caedis
1267 4660 1437 4724 consilium
1464 4679 1526 4722 non
1554 4666 1609 4724 cst
1628 4661 1670 4724 ab
1691 4658 1758 4724 ulla
1778 4660 1837 4724 lati
1860 4677 1973 4722 neces·
1999 4647 2002 4654 ’

343 4795 441 4858 silete
463 4792 611 4861 deducta.
655 4797 768 4862 Fatum
786 4815 923 4880 namque
945 4795 1067 4860 sceleri
1088 4816 1148 4860 sun
1170 4817 1271 4883 saepe
1293 4795 1481 4880 subjicienti
1504 4797 1632 4864 mulieri
1658 4815 1698 4860 ne
1720 4797 1816 4862 fidem
1837 4797 1972 4859 habere-

343 4947 431 5008 mus,
462 4928 638 5016 diligenter
666 4952 686 4996 a
710 4939 808 5020 poeta
835 4943 963 5004 cautum
992 4939 1023 5000 in
1053 4936 1256 5020 Gluoepboris
1285 4941 1354 5015 eat,
1384 4935 1438 4998 ubi
1467 4954 1563 5018 quum
1590 4951 1727 5019 poenam
1752 4933 1879 5016 paranti
1906 4929 1973 4992 sulio
