4808 5706
1151 717 1230 804 to

374 966 554 1038 contemtu,
577 960 630 1041 qui
653 957 729 1039 quia
753 955 874 1014 variam
896 956 951 1012 aut
973 953 1206 1014 contumaclam
1229 955 1284 1012 aut
1306 967 1474 1013 sacrorum
1496 950 1800 1014 contaminationem
1828 957 1884 1014 ant
1911 953 2011 1016 bomi-

374 1117 448 1160 num
469 1099 501 1158 tu
523 1095 664 1156 Deorum
685 1089 782 1152 fidem
803 1093 1007 1169 receptorum
1030 1086 1239 1150 violationem
1259 1087 1371 1161 babet,
1399 1087 1523 1148 ramam
1553 1085 1640 1150 idem
1662 1085 1813 1168 injuriam
1832 1096 1867 1154 et
1886 1093 2013 1172 privato

373 1233 516 1299 familiae
545 1235 580 1293 et
608 1225 739 1309 publico
771 1227 913 1288 civitatis
937 1221 1006 1307 jurl
1035 1223 1173 1302 saetam,
1208 1221 1349 1305 denique
1384 1241 1510 1286 omnem
1547 1222 1774 1307 complectitur
1805 1234 2014 1294 terminorum

374 1369 565 1436 mortalibus
588 1369 621 1426 iu
642 1366 749 1447 aliquo
773 1379 896 1448 genere
918 1361 1065 1424 datorum
1095 1360 1321 1438 eversionem,
1358 1358 1575 1422 enumerando
1604 1367 1758 1444 persequi
1789 1364 1920 1450 singula
1946 1365 2016 1428 lon-

374 1529 450 1598 gum
484 1510 547 1570 est.
600 1504 659 1564 llis
689 1507 796 1564 nutem
824 1501 855 1560 in
890 1495 1020 1559 delictis
1049 1497 1198 1558 omnibus
1228 1494 1310 1558 haec
1338 1513 1402 1558 uoa
1430 1501 1465 1558 et
1493 1497 1632 1560 maxima
1663 1499 1757 1582 culpa
1783 1499 1924 1564 bominis
1953 1506 2017 1579 est,

374 1644 460 1732 quod
482 1641 591 1706 divina
610 1657 668 1722 pro
688 1637 765 1722 lege
786 1637 948 1719 privatum
969 1633 1139 1694 substituit
1160 1633 1346 1711 arbitrium,
1373 1630 1459 1715 quod
1481 1651 1543 1694 non
1566 1632 1695 1696 divinae
1717 1636 1779 1699 sed
1800 1653 1882 1701 suae
1903 1635 2018 1698 volun·

375 1786 454 1848 tatis
471 1779 578 1862 jussis
600 1776 813 1855 obtemperat
856 1770 907 1832 lta
925 1769 977 1848 fit,
999 1775 1052 1848 ut,
1073 1774 1235 1850 tamquam
1263 1771 1335 1852 lpse
1364 1773 1476 1832 teneat
1506 1768 1613 1850 lllum,
1639 1771 1695 1852 qul
1715 1773 1858 1835 lleorum
1880 1777 1954 1852 cst,
1984 1775 2017 1834 io

376 1936 483 1985 rerum
504 1921 620 1978 natura
639 1911 872 1994 principatum,
896 1905 954 1986 jus
981 1907 1141 1988 quoddam
1169 1908 1313 1986 reperiet
1334 1902 1419 1987 juri,
1446 1906 1532 1989 quod
1552 1907 1642 1970 Deus
1672 1907 1832 1994 condidit,
1861 1907 2017 1972 infestum

379 2061 412 2122 et
432 2053 648 2125 contrarium,
668 2045 833 2123 faciatque
856 2043 941 2126 quod
962 2045 1078 2108 lovem
1099 2060 1161 2104 noo
1184 2047 1220 2104 ut
1240 2059 1396 2104 summum
1418 2043 1520 2106 llenm
1542 2044 1603 2107 sed
1630 2051 1665 2110 ut
1686 2043 1841 2126 injustum
1864 2044 2015 2108 adversa·

375 2193 457 2253 rium
477 2187 587 2270 arguit
613 2184 725 2246 lacere
757 2178 989 2257 Prometheus,
1019 2199 1047 2241 r.
1074 2181 1132 2242 186
1163 2178 1315 2242 dictitans
1344 2197 1419 2244 eum
1446 2173 1526 2264 παρ’
1549 2175 1660 2269 ἑαυτῷ
1688 2177 1726 2246 τὸ
1757 2180 1891 2246 δίκαιον
1912 2177 2014 2264 ἔχειν,

375 2329 449 2391 sive
470 2325 583 2405 spreto
605 2320 764 2382 communi
793 2321 826 2378 et
857 2314 986 2398 publico
1012 2314 1081 2399 juri
1108 2314 1166 2399 jus
1188 2320 1349 2380 stnbrisse
1375 2317 1440 2380 sibi
1461 2319 1622 2400 privatum
1649 2323 1891 2403 obproprium,
1920 2341 2011 2402 quam

376 2477 445 2524 rem
466 2457 633 2520 confirmat
653 2455 796 2532 Chorus,
818 2473 915 2535 quum
936 2473 964 2518 v.
986 2459 1045 2516 403
1067 2455 1185 2518 Jovem
1205 2453 1285 2515 dicit
1307 2449 1410 2527 ἰδίοις
1431 2451 1548 2536 νόμοις
1568 2451 1754 2537 κρατύνειν.

475 2595 598 2658 Tantum
620 2600 726 2657 autem
748 2594 860 2654 laetus
881 2593 1037 2670 hominis,
1058 2592 1131 2652 Diis
1153 2592 1321 2668 iuimicus,
1344 2595 1479 2654 naturae
1502 2595 1703 2674 contrarius,
1736 2615 1832 2678 quum
1859 2613 1917 2658 nou
1935 2611 2005 2676 pos·

377 2734 423 2796 alt
450 2749 513 2792 non
540 2745 619 2794 ease
649 2747 751 2792 vanus
781 2735 879 2810 atque
909 2729 1034 2804 inanis,
1060 2731 1229 2807 peccatum
1260 2729 1301 2790 ob
1333 2729 1365 2792 id
1397 2731 1504 2812 ipsum
1533 2723 1757 2810 quadritone·
1784 2737 1835 2796 est
1855 2729 1943 2794 idem
1963 2737 2014 2794 est

378 2871 476 2932 etiam
497 2864 536 2931 τὸ
556 2863 723 2949 μάταιον,
746 2864 831 2948 quod
851 2867 925 2928 sive
948 2881 1065 2926 vanum
1086 2865 1158 2925 sive
1179 2867 1387 2928 temerarium
1408 2866 1686 2947 interpretabere,
1716 2867 1850 2948 perinde
1872 2871 2015 2931 uescitur

378 3007 573 3092 significatio
596 2999 689 3083 ejus,
718 3000 803 3083 qnod
823 3018 898 3062 eum
925 3001 979 3080 qui
1001 3003 1124 3082 petitur
1144 2997 1298 3064 ellectum
1319 3019 1381 3064 non
1402 3002 1518 3082 habet,
1549 3002 1636 3086 quod
1664 3005 1802 3066 consilio
1831 3007 1866 3064 et
1892 3007 2014 3066 ratione

379 3148 478 3208 caret
521 3141 572 3202 lta
593 3138 855 3218 Clytaemnestra
876 3136 932 3199 (ib.
954 3140 1015 3200 918
1036 3137 1102 3199 tilio
1122 3140 1283 3201 memorat
1302 3134 1433 3218 πατρὸς
1452 3136 1606 3222 μοίτας,
1637 3139 1758 3204 delicta
1787 3143 1910 3224 patris,
1939 3142 2016 3204 cbo·

378 3298 435 3343 rus
463 3283 495 3340 in
522 3277 612 3340 Eum.
635 3279 696 3340 337
729 3276 892 3338 hominum
926 3263 1130 3354 αὖτοορμίας
1156 3278 1316 3356 ματαίας·
1351 3275 1391 3337 of.
1422 3274 1533 3357 Suppl
1555 3282 1632 3341 22⁹:
1666 3270 1747 3343 ouidi
1774 3274 1817 3360 μὴ
1844 3271 1878 3342 ’v
1900 3274 2015 3342 ’Ἀίδαο

378 3409 500 3480 θανὼν
522 3410 610 3502 φύγῃ
631 3409 780 3496 μάταιον
811 3407 936 3486 αἰτίας.
979 3408 1103 3472 ibidem
1122 3413 1184 3474 762
1204 3409 1368 3492 μάταιος,
1400 3416 1435 3476 ut
1457 3405 1567 3488 ἄθεος
1588 3415 1684 3492 alibi,
1716 3419 1922 3499 componitur
1947 3435 2016 3478 eum

378 3543 530 3623 ἀνόσιος.
574 3549 692 3612 Contra
719 3549 761 3610 ib.
788 3552 848 3613 198
876 3544 914 3612 τὸ
937 3543 979 3630 μὴ
1001 3543 1167 3626 μάταιον,
1200 3547 1233 3610 id
1260 3549 1345 3632 quod
1373 3555 1464 3632 patet
1484 3568 1526 3613 ex
1546 3554 1784 3616 sententiarum
1806 3552 1938 3632 ordine,
1967 3570 2019 3614 ex-

378 3693 505 3774 pertem
534 3683 647 3767 culpae
673 3692 814 3748 mentem
843 3687 1004 3768 vitamque
1038 3685 1194 3776 declarat.
1244 3687 1392 3769 Denique
1420 3690 1594 3751 vanitatem
1622 3693 1750 3769 peccati
1778 3688 1940 3774 proditio
1963 3691 2018 3774 lg.

379 3830 439 3889 390
460 3821 613 3906 sqq.·illa
633 3821 810 3884 similitudo
832 3825 924 3905 pueri
945 3824 1070 3888 frustra
1091 3829 1256 3908 captantis
1277 3823 1446 3888 aviculam.

479 3963 538 4024 llis
561 3966 669 4022 nutem
693 3956 817 4021 duabus
839 3977 882 4022 ex
902 3961 1021 4040 rebus,
1054 3963 1138 4044 quod
1167 3931 1201 4027 et
1221 3957 1334 4028 ἄθεον
1360 3965 1529 4044 peceatum
1551 3966 1585 4024 et
1604 3959 1751 4041 pulsator
1773 3966 1843 4036 est,
1875 3965 1925 4024 vis
1948 3958 2016 4042 ejus

383 4097 543 4162 condatur
562 4100 596 4158 et
616 4097 758 4160 eflicitur
778 4113 838 4179 per
858 4115 897 4159 se
918 4105 1086 4180 spectata,
1119 4099 1180 4162 sed
1213 4101 1245 4160 in
1266 4098 1395 4160 bomine
1423 4101 1534 4182 posita
1553 4098 1711 4182 peccandi
1733 4097 1885 4160 voluntas
1910 4103 1943 4159 at
1963 4097 2017 4159 bu·

381 4236 486 4298 manis
511 4235 634 4294 naturis
657 4234 822 4317 implicata
842 4235 975 4296 morbus
997 4237 1116 4298 mentis
1138 4241 1208 4314 eat,
1230 4231 1333 4309 νόσος
1354 4237 1498 4320 φρενῶν.
1531 4234 1581 4298 lta
1599 4231 1729 4315 quidem
1749 4237 1868 4299 Xerxis
1889 4241 2021 4298 vocatur

383 4370 530 4435 insolens
562 4372 596 4431 et
627 4368 768 4431 Deorum
795 4375 977 4434 contemtor
1005 4373 1132 4434 animus
1163 4371 1256 4434 Pera.
1280 4376 1355 4436 75⁰:
1388 4371 1462 4445 πῶς
1492 4362 1569 4436 τάδ’
1599 4361 1640 4434 ori
1668 4366 1770 4443 νόσος
1798 4374 1952 4454 operam
1980 4371 2019 4434 cl.

384 4514 443 4593 Ag.
465 4513 539 4572 tot:
562 4494 667 4577 αὕτὸς
688 4507 823 4587 φρενῶν
842 4510 1010 4588 καρποῖτο
1030 4503 1090 4588 τὴν
1110 4497 1291 4590 ἁμαρτίαν·
1320 4507 1410 4570 Eam.
1432 4511 1510 4572 377:
1544 4481 1681 4572 πίπτων
1702 4499 1733 4570 d‘
1755 4500 1816 4571 oda
1836 4503 1931 4571 οἶδεν
1948 4495 2019 4568 τόδ’

382 4637 441 4712 ὑπ’
469 4636 597 4728 ἄφρονι
627 4636 737 4729 hipp,
767 4643 860 4705 bomo
889 4643 1092 4724 sceleratus,
1124 4662 1228 4708 noxae
1258 4647 1378 4708 mentis
1409 4641 1494 4706 male
1522 4658 1624 4705 sanae
1651 4641 1818 4722 subditus,
1848 4657 1945 4704 ruens
1966 4655 2014 4699 cn·

384 4782 531 4865 deusque
552 4777 685 4843 tollitur.
729 4779 811 4841 lluic
833 4781 943 4844 morbo
965 4783 1138 4862 opponitur
1158 4771 1270 4861 iriam
1292 4781 1429 4864 φρονῶν
1448 4781 1537 4844 Εοιο.
1560 4785 1629 4844 535.
1673 4779 1739 4842 Sed
1761 4797 1856 4862 quem
1879 4775 2018 4840 morbum

384 4916 489 4984 νόσου
520 4917 710 4982 vocabulum
739 4895 861 4982 statum
894 4916 1052 4998 quendam
1085 4923 1119 4980 et
1145 4913 1367 4981 affectionem·
1384 4919 1503 4978 meotis
1533 4931 1612 4980 esse
1640 4914 1804 4996 declarat,
1836 4931 1908 4980 enm
1943 4905 2023 4994 ἄτη
