4808 5706
407 1014 627 1084 inexitiabile
649 1031 766 1076 numen
789 1010 948 1086 derivari,
970 1008 1161 1071 hoctamen
1191 1005 1345 1088 largitur,
1373 1006 1504 1088 genium
1533 1003 1670 1068 ultorem
1697 1021 1798 1087 posse
1829 1005 1937 1070 tuisse
1966 1007 2046 1074 oul-

343 1191 347 1197 ·
406 1153 579 1258 iq'rrroqo,
601 1147 840 1232 perpetrandae
863 1145 975 1212 caedis
997 1142 1199 1225 adjutorem3
1221 1163 1249 1207 v.
1274 1145 1502 1208 root-15⁰8:

639 1293 683 1352 X.
726 1278 771 1360 ὥς
790 1284 854 1368 μὲν
874 1276 1030 1356 οἷνοιλτιος
1052 1278 1085 1346 ιλ
1107 1277 1150 1346 σύ

725 1420 829 1488 τοῦδε
850 1420 981 1506 φόνου,
1001 1421 1056 1492 rie
1076 1408 1095 1482 ὅ
1116 1413 1341 1500 μαρτυρήσων
1348 1443 1359 1494 ς

725 1562 802 1636 πῶ,
825 1559 898 1635 πῶς
920 1553 1102 1639 πατρόθεν
1122 1552 1162 1617 δὲ
1183 1549 1386 1638 συλλήπτωρ
1406 1547 1529 1634 γένοιτ’
1552 1546 1595 1618 liv
1616 1543 1787 1636 ἀλάστωρ.

410 1702 476 1764 11οτ
497 1701 527 1760 si
548 1699 594 1761 lta
616 1716 655 1760 so
677 1697 794 1775 habet,
823 1695 1077 1758 communicatur
1098 1690 1238 1752 hominis
1260 1709 1331 1752 eum
1354 1693 1482 1754 numine
1509 1689 1603 1772 eulpa
1623 1695 1741 1774 estque
1762 1709 1804 1754 ex
1826 1691 1935 1774 aliqua
1955 1703 2047 1778 parts
2117 1673 2123 1682 ”

407 1855 470 1898 non
490 1841 610 1918 sponte
635 1837 812 1914 suscepta,
839 1847 924 1913 quse
952 1845 1008 1892 res
1029 1827 1100 1890 lieri
1123 1845 1185 1888 non
1207 1831 1319 1908 potest
1339 1829 1415 1909 quin
1436 1831 1469 1890 la
1491 1824 1584 1909 juste
1606 1827 1808 1892 aestimando
1831 1831 1961 1896 scelere
1983 1851 2048 1896 mo·

406 1977 549 2036 mentum
578 1974 698 2053 ingens
725 1968 832 2032 iaciat.
875 1970 914 2029 at
944 1980 1039 2048 quum
1069 1965 1187 2026 uilrila'
1203 1966 1310 2048 magis
1339 1980 1444 2046 neque
1466 1964 1556 2024 Deus
1585 1979 1690 2044 neque
1713 1963 1808 2028 lromo
1829 1983 1870 2028 ne
1894 1985 1935 2030 ex
1956 1976 2049 2052 parte

407 2107 538 2191 quidem
560 2106 667 2187 etqui
690 2103 826 2186 deliquit
850 2100 961 2164 delicti
983 2102 1122 2182 gratiam
1152 2100 1253 2164 laetat
1283 2100 1324 2162 ob
1355 2102 1496 2162 numinis
1519 2099 1634 2162 ultoris
1662 2119 1794 2182 operam
1816 2101 1857 2166 ad
1877 2103 2050 2172 humanum

409 2242 521 2306 scelus
542 2237 744 2322 adjunctam,
774 2244 912 2322 apparet
945 2236 1166 2320 quaerendum
1195 2253 1292 2316 esse,
1323 2253 1406 2318 quae
1439 2237 1484 2298 sit
1512 2241 1642 2317 nature,
1672 2255 1755 2320 quae
1782 2243 1833 2302 vis
1858 2232 2049 2327 ἀλάστορος

409 2377 514 2456 lilius,
546 2378 601 2458 qui
637 2379 667 2438 sl
703 2374 779 2458 quld
818 2381 914 2440 nocet
948 2376 1111 2440 hominum
1145 2372 1304 2452 libertati,
1343 2373 1560 2457 nequidquam
1592 2379 1827 2440 necessitatem
1858 2395 1899 2440 ex
1929 2381 2048 2445 sabulis

408 2513 599 2594 Aeschylels
621 2511 825 2574 sustulimus.

502 2641 682 2731 Ἀλάστωρ
703 2654 811 2711 autem
832 2649 982 2730 qnoniam
1003 2648 1100 2712 fixam
1123 2651 1155 2710 ln
1178 2648 1287 2732 aliqua
1307 2647 1402 2710 domo
1423 2646 1593 2711 declarare
1615 2648 1744 2713 videtur·
1771 2657 1912 2718 mentem
1938 2655 2048 2720 voluu-

407 2791 573 2868 tstemque
604 2784 779 2868 peccandi,
809 2785 871 2847 lroo
900 2788 1038 2868 primum
1069 2787 1272 2868 quaerimus,
1300 2803 1440 2869 peceare
1470 2785 1546 2868 quid
1578 2788 1623 2848 slt
1651 2787 1736 2870 apud
1757 2790 1961 2873 Aeschylum.
2005 2797 2049 2860 Ao

406 2927 545 3008 primunr
567 2921 695 3005 quidem
719 2923 810 2983 novit
830 2922 1012 3005 Aeschylus
1033 2925 1136 2986 lleum
1158 2921 1266 3002 illum,
1299 2941 1395 3006 quem
1417 2923 1532 2985 cicero
1555 2921 1597 2986 de
1618 2939 1687 3006 rep.
1710 2924 1805 3004 lll·§.
1822 2933 1862 2990 as
1883 2928 2048 3012 amplecti-

405 3069 475 3142 tur,
497 3067 653 3124 aeternae
673 3057 761 3140 legis
783 3059 1002 3138 conditorem,
1031 3077 1095 3142 qun
1122 3059 1198 3144 lege
1227 3060 1304 3141 quid
1327 3063 1373 3122 sit
1387 3057 1514 3141 justum
1536 3063 1762 3144 constituitur3
1794 3064 1834 3126 cl.
1856 3063 1945 3128 llum.
1969 3071 2048 3149 ⁵2⁹3

407 3204 466 3284 λς.
490 3201 566 3279 1711;
587 3195 642 3258 lex
663 3194 796 3256 talionis
818 3194 929 3279 Suppl.
952 3200 1014 3260 4³⁷
1036 3201 1171 3260 vocatur
1191 3195 1306 3260 diacre
1327 3195 1459 3264 Διόθεν
1479 3197 1601 3284 κράτη,
1632 3198 1704 3263 coll.
1727 3201 1786 3282 Ag.
1810 3203 1907 3281 loom
1936 3199 2047 3287 Suppl.

405 3341 482 3403 dii:
508 3336 603 3416 Ζῆνα
623 3335 730 3414 μέγαν
756 3330 946 3416 σεβόντων,
974 3327 1035 3397 τὸν
1055 3333 1168 3408 ξένιον
1188 3325 1220 3397 ‹i'
1242 3325 1435 3416 ὑπέρτατον
1442 3382 1454 3412 ,
1484 3329 1523 3409 ὃς
1544 3335 1656 3424 πολιῷ
1683 3333 1775 3423 νόμῳ
1797 3331 1904 3400 αἶσαν
1930 3328 2046 3421 ὄρθοῖ,

406 3489 489 3556 quae
510 3466 598 3536 eloe
620 3488 681 3531 non
701 3474 757 3532 est
776 3469 887 3546 iatum,
908 3468 968 3533 sed
991 3473 1140 3552 aequitas
1161 3477 1196 3534 et
1213 3469 1354 3554 justitia.
1397 3471 1486 3536 adde
1509 3473 1594 3556 quod
1614 3475 1697 3555 Δίκη
1718 3471 1785 3535 filla
1799 3473 1894 3536 lovis
1916 3482 1990 3558 est,
2014 3479 2045 3542 S.

407 3610 556 3690 utrem,
579 3607 633 3670 Cir.
647 3611 726 3688 Μῦς
746 3607 798 3669 Fr.
821 3606 985 3689 Niob.ap.
1009 3607 1117 3670 llerrn.
1143 3607 1220 3690 ilpp.
1237 3607 1294 3686 lll,
1316 3625 1347 3690 p.
1364 3613 1414 3672 5³.
1445 3610 1506 3673 Jus
1530 3611 1631 3691 igitur·
1652 3611 1707 3692 qul
1726 3608 1838 3689 violat,
1861 3613 1940 3675 nllrll
1956 3619 2048 3678 curat

408 3747 606 3810 voluntatem
628 3741 720 3824 ejus,
745 3743 814 3823 Juri
846 3745 901 3824 qni
930 3744 993 3804 viru
1023 3761 1062 3805 ac
1083 3747 1282 3826 potestatem
1302 3747 1497 3828 impertivit,
1525 3746 1585 3810 sed
1611 3751 1731 3811 metum
1755 3749 2047 3832 verecundiamque

408 3883 549 3946 Deorum
570 3881 688 3961 posuit.
732 3879 793 3941 Est
822 3882 923 3982 igliur·
951 3882 1004 3962 qui
1031 3883 1148 3961 peceat
1175 3872 1313 3956 ἄθεος
1339 3872 1423 3967 ἀνὴρ
1451 3883 1541 3946 Eum.
1568 3887 1642 3963 151,
1675 3890 1710 3947 et
1736 3877 1831 3949 ἄθεα
1859 3890 1935 3946 sunt
1964 3907 2046 3969 quoe

407 4019 497 4102 gerit
519 4013 720 4100 φρονήματα
742 4017 831 4080 l’ers.
855 4019 926 4081 8118.
968 4017 1015 4078 Eo
1036 4017 1176 4080 nondum
1198 4024 1411 4099 processerat
1431 4021 1607 4102 llomerus,
1638 4027 1674 4084 ut
1693 4021 1820 4105 peccati
1843 4019 1969 4103 eulpam
1993 4043 2047 4086 no-

407 4157 552 4218 minatim
573 4157 713 4236 poneret
738 4155 770 4214 in
799 4150 967 4215 uoluntate
993 4150 1125 4217 divinae
1147 4155 1328 4235 contraria,
1358 4171 1463 4238 neque
1485 4156 1584 4220 lrabet
1605 4156 1801 4237 ndJeotluum
1832 4147 1957 4234 ἄθεος,
1987 4159 2048 4223 sed

408 4290 563 4354 adverbio
589 4295 714 4354 tentum
743 4294 843 4356 utitur
874 4293 905 4354 la
927 4288 1067 4353 formula
1087 4282 1149 4354 ads
1169 4283 1291 4370 ἄθεοι,
1321 4309 1384 4354 non
1407 4292 1481 4353 sine
1503 4293 1643 4354 numinis
1666 4309 1738 4374 ope.
1774 4294 1929 4358 Nimirum
1951 4295 2046 4380 leges

409 4425 499 4486 novit
523 4443 648 4489 omnem
678 4428 840 4492 hominum
871 4431 971 4492 altam
1004 4431 1227 4510 continentes,
1260 4431 1349 4491 novit
1378 4445 1490 4492 earum
1517 4427 1690 4513 praesides
1712 4433 1747 4492 et
1770 4431 1940 4510 custodes,
1970 4452 2046 4496 nnn-

407 4562 482 4625 dum
503 4559 628 4626 luteres
650 4569 684 4628 et
705 4571 896 4648 repertores
917 4566 1023 4647 Deos,
1055 4565 1096 4629 et'.
1134 4585 1193 4630 uos
1222 4569 1254 4628 lu
1277 4564 1389 4630 Tireol.
1413 4565 1502 4626 Hom.
1533 4581 1563 4645 p.
1584 4568 1652 4628 171.
1702 4565 1763 4630 111ο
1794 4583 1873 4628 vero
1905 4568 2046 4634 Deorum

405 4697 612 4784 negligentia
637 4703 900 4766 consecutionem
929 4699 1026 4765 adert
1054 4703 1252 4768 insolentiae
1278 4709 1313 4766 et
1339 4701 1580 4782 contrunaciae3
1615 4701 1783 4785 domnedio
1812 4705 1919 4786 gignit
1951 4699 2047 4788 ὕβριν

405 4853 446 4899 ex
470 4833 680 4916 ses031dsm.
703 4839 780 4902 eal:
810 4833 998 4920 dedendine
1025 4837 1089 4921 pir
1117 4833 1213 4923 ὕβρις
1240 4840 1336 4914 τέκος
1357 4829 1405 4913 οἷς
1430 4833 1571 4920 ἐτύμως·
1598 4839 1638 4902 ct'.
1662 4839 1752 4902 Pers.
1774 4841 1853 4902 soe:
1884 4834 2047 4925 ὕβρεως

407 4965 536 5039 ἄποινα
568 4963 739 5038 eddius
777 4972 1013 5059 φρονημάτων.
1062 4975 1220 5039 uerutum
1249 4983 1356 5042 entem
1388 4969 1485 5060 ὕβρις
1512 4979 1648 5060 primum
1675 4977 1708 5038 in
1731 4977 1872 5040 Deorum
1900 4979 2046 5060 ipsorum

1629 5101 1649 5158 2
