4808 5706
446 1123 476 1184 9.
518 1118 593 1191 Quis
620 1135 682 1180 non
711 1116 846 1180 meminit
874 1115 1018 1197 apostoli,
1045 1113 1077 1178 in
1103 1135 1154 1198 ep.
1184 1113 1225 1180 ad
1251 1115 1335 1178 ltom.
1367 1119 1413 1194 to,
1441 1120 1480 1178 21
1506 1119 1548 1182 ita
1574 1093 1805 1201 praecipientis:
1832 1118 1876 1205 μὴ
1905 1127 1985 1188 νικῶ

349 1241 418 1316 ὑπὸ
439 1253 500 1316 τοῦ
521 1251 644 1326 κακοῦ,
666 1241 757 1314 ἀλλὰ
776 1254 853 1317 νίκα
875 1246 914 1317 ἐν
933 1252 981 1338 τῷ
1003 1241 1128 1340 ἀγαθῷ
1149 1247 1192 1316 sir
1214 1245 1327 1314 κακόν.

451 1395 498 1454 ro.
540 1391 604 1452 lloc
624 1378 663 1450 ἕν
682 1389 797 1460 κακοῖς
817 1387 949 1470 βροτῶν
969 1405 1030 1449 οοο
1058 1395 1228 1471 repugnat,
1258 1387 1330 1467 quin
1359 1397 1442 1452 recte
1468 1408 1565 1472 supra
1594 1390 1777 1476 dixerimus,
1805 1395 1988 1477 Clytpemne·

351 1533 459 1605 stram,
481 1528 621 1590 Orestem
641 1514 834 1606 ἀλάστορος
854 1527 918 1606 pati
938 1525 999 1588 νίοο
1023 1525 1108 1606 ipsos
1135 1527 1285 1590 insontes.
1327 1526 1390 1588 Nos
1418 1525 1555 1590 insontes
1584 1547 1639 1592 eos
1660 1529 1805 1611 diximus,
1834 1535 1885 1616 qui
1906 1534 1989 1596 nihil·

349 1661 423 1724 dum
443 1662 568 1726 sceleris
585 1644 787 1742 prorueret,-
815 1661 933 1724 Chorus
961 1659 1001 1724 de
1028 1681 1141 1743 genere
1161 1662 1298 1746 loquitur
1318 1679 1440 1742 eorum,
1469 1663 1521 1744 qui
1542 1681 1638 1744 pravo
1665 1666 1786 1748 ingenio
1807 1677 1878 1732 sunt
1899 1677 1929 1732 et
1951 1672 1988 1734 ad

346 1797 538 1880 peccandum
558 1806 665 1865 ustura
685 1799 846 1881 proclivos.

451 1939 499 1998 ll.
537 1925 809 2016 ’Λντεπικοοίνοι
829 1953 887 2014 pro
906 1934 1027 2015 vulgato
1056 1925 1145 2013 ἆγον
1172 1925 1366 2016 ἒποκοοίνοι
1395 1933 1545 2000 debemus
1572 1938 1784 2020 Bambergero.
1827 1933 1892 2015 etc
1918 1953 1989 2024 post

349 2071 401 2147 sle
421 2063 479 2150 ἂν,
494 2073 578 2157 quod
598 2073 684 2134 metri
704 2069 847 2132 lulcicndi
867 2073 961 2151 gratis
980 2072 1029 2134 ille
1050 2072 1186 2152 inseruit,
1207 2089 1265 2135 nos
1286 2070 1509 2153 adoptatimus,
1531 2079 1562 2134 et
1573 2076 1673 2155 ipsum
1689 2075 1850 2158 probabile
1859 2078 1987 2142 ridetur.

452 2216 499 2274 lt.
541 2209 723 2292 opiniones,
746 2224 824 2287 quas
845 2209 1095 2288 memoravimus,
1115 2214 1265 2287 oeteo,
1297 2208 1382 2292 quod
1404 2209 1512 2288 suam,
1545 2217 1668 2273 auctore
1689 2223 1851 2294 susceptae
1874 2212 1988 2295 [Werlc

350 2349 368 2408 l.
390 2366 416 2410 e.
438 2365 468 2427 p.
482 2341 568 2426 oto),
598 2367 615 2410 a
637 2352 826 2417 stomaro,
859 2348 1024 2420 Bocttipcru
1053 2341 1195 2424 (Minerva
1223 2363 1254 2427 p.
1272 2341 1319 2426 8),
1350 2349 1471 2424 leysrio
1493 2342 1532 2426 (p.
1546 2343 1595 2427 st)
1617 2347 1827 2428 confirmatae,
1856 2353 1905 2414 vis
1927 2352 1985 2416 dici

350 2490 452 2565 potest
471 2488 662 2564 quantopere
682 2483 714 2542 iu
735 2479 924 2562 exquirenda
946 2480 1084 2544 Orestiae
1103 2484 1253 2546 sententia
1271 2485 1439 2545 nocuerint
1471 2487 1661 2546 Btsemsersr
1676 2485 1800 2565 quidem
1818 2487 1857 2548 itu
1872 2507 1902 2568 p.
1913 2492 1985 2551 143:

350 2627 434 2686 ,loct
457 2625 522 2684 lsier
541 2625 612 2698 lieqt
632 2624 688 2680 uas
710 2620 874 2680 l'erderbea
901 2621 933 2678 irs
954 2621 1018 2678 rtem
1040 2621 1203 2680 Ciorotter
1222 2623 1275 2680 der
1297 2623 1433 2696 Fertilis,
1464 2625 1556 2682 corio
1583 2624 1630 2682 cia
1653 2623 1833 2684 Verlreclreo
1854 2629 1909 2686 cios
1929 2648 1987 2686 οο-

349 2765 418 2822 dcre
439 2767 584 2835 meopte.
618 2757 682 2816 llur
701 2758 779 2816 nucis
801 2758 863 2814 ond
882 2757 959 2814 sect
979 2760 1051 2816 uiro
1070 2760 1114 2818 sie
1135 2759 1327 2834 meropes,
1348 2759 1381 2818 iu
1401 2759 1466 2816 dem
1486 2761 1592 2832 lllnsse,
1611 2761 1665 2818 scie
1685 2762 1729 2820 rie
1747 2763 1809 2820 siclt
1830 2767 1983 2824 cnedelte.

352 2901 467 2974 Pelops,
488 2896 612 2965 Atreus,
636 2893 788 2968 Aipistlsos
808 2894 876 2950 sind
896 2893 1059 2968 torcutper
1078 2894 1190 2966 llolsr3
1218 2897 1299 2954 cdler
1318 2897 1356 2953 ist
1375 2897 1597 2971 Αςοοοοοοοοο,
1630 2897 1702 2956 aber
1721 2899 1800 2956 siclt
1820 2901 1985 2972 scintulos,-

349 3055 427 3113 μοι
447 3038 513 3096 reio
534 3037 665 3108 meotes,
692 3032 754 3090 uod
779 3031 831 3088 mit
857 3032 918 3089 illos
948 3033 1060 3092 vendet
1090 3030 1151 3088 stol
1172 3031 1228 3088 dos
1242 3017 1394 3093 'ocultus
1436 3034 1522 3094 llicit
1549 3038 1603 3094 der
1623 3035 1727 3110 otest,
1758 3037 1811 3094 uer
1837 3040 1898 3111 cus
1921 3040 1985 3098 dero

350 3175 574 3242 necestuosi,
596 3169 810 3244 emutescere
832 3167 948 3226 Glieder
968 3185 1006 3224 su
1030 3167 1191 3238 vestatam
1217 3168 1263 3226 stc
1287 3171 1406 3226 uorum
1430 3171 1483 3228 tle
1504 3171 1789 3244 obomdessmn
1816 3176 1860 3234 ric
1888 3175 1986 3236 besses·

349 3321 463 3382 uorem·
489 3312 543 3367 uer
562 3308 750 3383 liuclsepeist,
782 3321 865 3364 οοοοο
894 3323 927 3364 er
946 3306 1074 3363 otrlttct
1101 3305 1133 3362 irs
1154 3305 1252 3364 dieser
1266 3306 1390 3365 Fumitie
1419 3308 1549 3379 oollae,
1575 3306 1685 3370 'luente
1712 3328 1771 3368 nur
1801 3315 1862 3386 oss
1885 3314 1984 3372 scete

349 3447 503 3516 Menoeten
524 3448 639 3504 uirtus.
681 3441 762 3514 Quot
781 3437 891 3516 verba,
924 3443 967 3500 tot
988 3454 1124 3514 errores;
1153 3455 1255 3519 neque
1286 3442 1366 3502 enim
1386 3444 1514 3504 nodoso
1540 3442 1696 3504 hominum
1724 3445 1837 3526 regim
1857 3447 1983 3526 Orestis,

350 3579 407 3644 sed
427 3579 498 3644 iude
520 3579 605 3662 quod
633 3595 740 3640 eorum
772 3593 851 3657 quae
880 3576 996 3650 todoat
1023 3572 1163 3634 homines
1184 3571 1360 3656 ambiguum
1384 3575 1452 3656 jus,
1480 3595 1597 3660 anceps
1625 3586 1734 3642 natura
1755 3589 1816 3661 est,
1849 3583 1929 3662 sive,
1950 3591 1984 3646 ut

349 3721 488 3780 Nisincii
518 3715 620 3778 verbis
650 3721 733 3793 utar,
761 3710 865 3793 „quod
895 3708 1029 3772 humana
1054 3707 1243 3772 imbecillitas
1270 3707 1470 3791 disceptanda
1503 3715 1582 3778 inter
1609 3733 1643 3778 sc
1664 3715 1762 3780 ollicia
1790 3717 1932 3782 dirimere
1953 3729 1984 3782 et

347 3873 453 3918 verum
472 3861 579 3936 optare
600 3869 662 3913 non
681 3843 811 3931 potest“

451 3993 497 4054 18.
539 3987 712 4068 inteligitur
739 3985 826 4062 inde,
858 4001 915 4046 our
941 3981 1062 4044 lustrari
1093 3987 1226 4062 potuerit
1253 3986 1380 4048 Orestes
1411 3985 1450 4048 ab
1476 3987 1634 4068 Apolline,
1663 3991 1759 4054 Furiis
1787 3990 1862 4071 eripi
1891 3999 1982 4072 alque

349 4109 468 4208 pis'culo
490 4125 565 4186 solvi
587 4143 649 4186 non
669 4122 809 4204 potuerit.
852 4119 998 4182 Nimirum
1019 4121 1150 4199 quaein
1173 4121 1281 4183 Oreste
1303 4139 1343 4184 ex
1357 4123 1425 4204 jure
1446 4123 1523 4185 civili
1552 4125 1641 4206 culps
1670 4125 1773 4191 caedis
1792 4127 1913 4204 haeret,
1946 4146 1982 4189 ea

350 4264 415 4326 sola
436 4267 538 4343 potest
559 4258 598 4322 ab
618 4260 758 4341 Apolline
778 4257 901 4320 liberari
922 4263 953 4318 ct
972 4258 1161 4320 commerciis
1182 4256 1337 4322 hominum
1359 4261 1690 4344 congressionibusque
1715 4263 1820 4342 roddi;
1849 4263 1906 4326 sed
1934 4265 1982 4328 illa

349 4401 442 4462 civilis
463 4405 511 4461 est
531 4397 694 4475 restitutio,
727 4415 789 4459 non
821 4395 929 4458 tollens
957 4393 1079 4473 culpam
1108 4393 1212 4458 caedis
1239 4406 1408 4472 οοοεοοοοο,
1435 4416 1496 4479 qua
1524 4399 1661 4462 naturale
1681 4399 1733 4480 jos
1763 4400 1904 4464 violatum
1926 4409 1981 4464 est.

348 4537 390 4598 lts
412 4535 579 4614 simplicius
598 4551 650 4596 res
671 4533 791 4596 videtur
812 4531 919 4594 contici
940 4546 1051 4610 posse,
1073 4545 1166 4609 quam
1187 4531 1298 4594 lactum
1320 4539 1367 4596 est
1387 4553 1405 4596 a
1426 4540 1565 4597 Ιοοὶἱοοο
1586 4536 1671 4598 lium.
1692 4551 1723 4615 p.
1736 4538 1803 4600 loll.

450 4674 496 4733 lt.
526 4670 730 4750 Propinquus
749 4668 865 4730 ultores
886 4665 1144 4746 Clytaemnestrae
1165 4668 1369 4748 posteriores,
1390 4671 1466 4732 alius
1488 4671 1593 4748 alium,
1616 4669 1781 4750 linxerunt;
1803 4674 1839 4736 ci
1861 4677 1984 4738 Hector

348 4807 431 4868 llum.
454 4825 483 4886 p.
505 4806 572 4868 133.
