4808 5706
271 997 277 1008 ·
381 971 566 1034 unionibus
589 968 756 1050 Aegisthi3
788 968 843 1051 dg.
873 971 998 1030 1oo7-
1015 972 1107 1031 root:
1137 969 1313 1052 τραφέντα
1342 960 1373 1031 d'
1396 963 1520 1044 αὖθις,
1550 967 1654 1053 inquit
1681 969 1875 1052 Aegisthus,
1905 931 2019 1050 ἢδίιιιι

385 1105 579 1187 κατήγαγεν.
625 1108 691 1168 Καὶ
713 1100 815 1167 τοῦδε
835 1094 979 1184 τιν’νδρύς
1004 1095 1145 1188 ἡψάμην
1173 1106 1321 1184 θυραῖος
1342 1097 1408 1180 ὢν,
1437 1107 1558 1170 πᾶσαν
1583 1105 1741 1186 ξιινιὶψας
1767 1102 1916 1188 μηχανὴν
1945 1103 2021 1178 δας-

384 1245 535 1327 doctior.
577 1243 731 1305 Videmus
760 1242 860 1324 igitur
887 1238 1019 1301 talionis
1044 1237 1101 1322 jus
1131 1242 1162 1301 in
1186 1243 1423 1323 Agamemnone
1452 1248 1556 1305 ratum
1577 1260 1656 1306 esse
1684 1243 1861 1322 trifariam3
1895 1247 2021 1302 namet

386 1389 543 1468 paternae
565 1396 669 1442 noxae
691 1395 813 1459 poenas
835 1375 907 1455 dat,
940 1375 1037 1457 idque
1059 1395 1155 1459 quum
1178 1383 1361 1444 numinibus
1384 1383 1496 1458 iratis,
1527 1383 1582 1462 qui
1603 1397 1662 1462 pro
1685 1380 1835 1442 mactatis
1857 1377 2022 1458 Thyestae

381 1523 499 1606 pueris
522 1515 620 1579 tiliam
641 1516 802 1576 victimam
831 1518 984 1596 poscunt,
1013 1514 1044 1574 in
1075 1534 1138 1596 qua
1165 1517 1332 1581 renuitae
1360 1525 1435 1580 sunt
1455 1522 1568 1600 partes
1590 1507 1802 1596 ἀλάστορος,
1831 1519 1895 1575 tum
1918 1512 2021 1593 Thye-

386 1665 460 1720 stae
481 1655 565 1731 tilio,
587 1653 640 1734 qui
662 1668 720 1732 per
742 1649 1033 1730 Clytaemnestram
1056 1655 1180 1733 expetit
1201 1657 1242 1718 ab
1265 1674 1305 1718 eo
1329 1675 1484 1739 poenam,
1512 1658 1544 1716 in
1574 1651 1668 1734 cujus
1698 1658 1850 1714 versatur
1877 1650 2022 1714 facinore

387 1790 578 1874 ἀλάστορος
607 1805 723 1870 opera,
759 1789 793 1847 et
830 1805 922 1848 suam
951 1789 1023 1868 ipse
1060 1787 1202 1870 culpam,
1238 1791 1453 1856 sacrificanda
1487 1790 1554 1852 tilla
1589 1795 1805 1866 contractam,
1845 1786 1923 1867 luit,
1961 1807 2042 1870 qua*

389 1935 419 1992 in
442 1949 478 1993 re
500 1927 613 1990 itidem
634 1923 708 2008 ejus
730 1923 890 1985 industria
912 1925 1010 2005 viget.
1053 1925 1104 1988 De
1126 1943 1189 2008 qua
1209 1926 1286 2008 quid
1307 1931 1447 1990 sentiret
1475 1931 1589 2009 poeta,
1621 1924 1779 2007 patefecit
1805 1927 1837 1986 in
1868 1925 1923 1988 illo
1954 1945 2022 1988 car-

387 2070 490 2144 mine,
512 2062 597 2146 qood
619 2061 718 2123 habet
745 2059 850 2122 locum
872 2079 961 2140 eum,
995 2060 1079 2124 unde
1109 2066 1219 2126 exorsi
1247 2081 1377 2138 sumus,
1412 2067 1468 2145 Ag.
1498 2065 1732 2134 lats-tato,
1760 2064 1791 2122 in
1822 2081 1901 2144 quo,
1933 2069 2023 2144 post-

389 2223 482 2288 quam
511 2202 638 2284 patrato
671 2196 816 2258 facinore
845 2196 1104 2278 Clytaemnestra
1131 2216 1312 2283 progressa
1340 2217 1381 2260 ex
1408 2198 1563 2276 aedibus,
1595 2198 1674 2260 nihil
1696 2200 1803 2261 auimo
1824 2199 2023 2280 perturbata,

391 2341 479 2404 nulla
499 2309 720 2420 poenitentiae
742 2335 998 2419 significatione,
1015 2329 1074 2416 jus
1096 2338 1204 2417 coepit
1225 2353 1344 2420 urgere
1366 2335 1499 2398 talionis
1522 2337 1567 2410 [r.
1593 2340 1671 2400 1395
1690 2313 1783 2418 sqq„
1809 2339 1919 2412 1406),
1942 2334 2023 2396 Gho-

389 2495 444 2540 rus
473 2479 580 2538 autem
610 2472 642 2534 id
669 2475 776 2553 ipsum
800 2467 857 2550 jus
887 2473 919 2532 ln
949 2470 1060 2534 caedis
1088 2477 1233 2536 autorem
1265 2475 1401 2536 retorsit
1430 2477 1560 2550 (148⁰),
1596 2479 1815 2534 memorantur
1843 2471 1900 2534 illa
1928 2474 2021 2552 quasi

387 2618 517 2680 numina
537 2610 677 2690 tabulae,
698 2610 816 2692 quibus
838 2612 908 2670 tota
927 2608 1135 2691 gubermtur.
1164 2609 1205 2672 nt
1226 2612 1375 2692 quoniam
1399 2609 1551 2670 carminis
1572 2609 1738 2691 tripartita
1757 2607 1937 2689 descriptio
1959 2609 2022 2682 est,

391 2768 569 2832 unapars,
600 2767 629 2808 v.
654 2747 884 2824 tots-148⁰,
905 2748 1099 2808 mentionem
1129 2743 1234 2827 injicit
1261 2738 1473 2826 ἀλάστορας,
1510 2743 1657 2808 caedium
1686 2744 1821 2808 aliarum
1846 2749 1921 2825 post
1941 2743 2024 2806 alias

390 2889 549 2964 auctoris,
578 2886 632 2966 qui
654 2881 844 2944 mulieribus
866 2880 991 2946 duabus
1017 2885 1065 2944 uti
1093 2882 1211 2944 dieitur
1232 2883 1409 2963 ministris3
1440 2880 1561 2960 altera,
1591 2900 1621 2943 ι.
1647 2885 1876 2956 rtet-msc,
1907 2881 1969 2942 vim
1993 2885 2025 2940 et

385 3023 442 3106 jus
464 3021 538 3105 ejus
561 3023 661 3084 cartis
690 3015 866 3101 adstringit
893 3019 1030 3100 tinibus3
1061 3037 1131 3082 nam
1161 3019 1225 3081 etsi
1256 3018 1458 3082 formidolosi
1488 3021 1578 3104 genti
1606 3020 1747 3082 saevitia
1775 3017 1828 3081 vel
1858 3017 1899 3081 ad
1928 3019 2022 3081 Jovis

390 3162 640 3245 permissionem
672 3154 814 3219 retertur
841 3156 937 3226 (1485
959 3162 1067 3237 sqq.),
1100 3175 1161 3217 non
1191 3161 1299 3217 tamen
1331 3157 1425 3241 culpa
1453 3157 1553 3220 solvit
1584 3156 1746 3219 hominem
1782 3157 1934 3218 instinctu
1963 3173 2022 3216 suo

390 3301 597 3382 peccantem,
621 3290 682 3354 sed
702 3289 744 3353 ad
764 3290 954 3371 patrandum
984 3289 1095 3354 scelus
1124 3290 1256 3374 aliquod
1285 3296 1407 3356 sociam
1428 3299 1553 3357 tantum
1581 3310 1714 3375 operam
1736 3297 1899 3373 praestat,
1928 3308 2019 3372 quam

390 3439 422 3496 in
444 3433 500 3494 illa
522 3431 707 3494 consistere
729 3446 824 3511 quam
846 3431 1012 3510 persecuti
1039 3447 1151 3491 sumus
1174 3427 1395 3494 invitatione
1425 3447 1486 3512 per
1511 3427 1664 3492 talionem
1693 3428 1849 3511 peccandi
1879 3424 2019 3489 luculen-

388 3572 519 3634 tissime
541 3572 632 3651 patet
653 3585 695 3632 ex
716 3585 745 3628 ι.
770 3570 864 3645 1509;
887 3567 942 3629 ubi
964 3571 1134 3648 postquam
1156 3567 1330 3628 consessus
1353 3568 1478 3630 (thorus
1500 3568 1562 3628 hoc
1583 3571 1652 3628 est:
1682 3563 1860 3650 maradian
1881 3561 1918 3625 δὲ
1939 3535 2020 3624 τιλ-

390 3707 525 3793 tirrano
546 3697 666 3787 γένοιτ’
687 3696 731 3767 ἂν
752 3693 925 3785 ἆλάστωρ,
949 3707 1109 3770 continuo¹
1123 3701 1273 3784 subjicit:
1296 3702 1496 3784 βιάζεται
1518 3695 1548 3766 δ’
1571 3693 1781 3788 ὁμοσπόροις
1802 3690 2020 3784 ἐπιρροαῖσιν

390 3844 543 3930 αἱμάτων
570 3840 675 3926 μέλας
697 3833 809 3922 Ἄρης·
840 3839 880 3902 cl.
912 3859 938 3902 v.
970 3844 1166 3920 tao—77⁷3
1200 3841 1254 3904 ch.
1286 3847 1480 3920 too-tot,
1511 3859 1591 3923 quos
1619 3839 1710 3902 locos
1739 3859 1838 3923 supra
1871 3857 1901 3922 p.
1922 3843 1960 3901 ll
1990 3845 2023 3900 et

388 3991 478 4066 p.1‘t
506 3981 684 4064 posuimus.
734 3976 847 4038 Tertia
875 3975 1015 4058 denique
1043 3993 1121 4056 pars
1157 3979 1406 4054 (1531-1576)
1441 3977 1599 4060 patefacit
1627 3979 1796 4058 aperitque
1829 3977 1954 4060 legem,
1990 3979 2022 4036 in

390 4138 454 4204 qua
481 4121 550 4179 tota
579 4119 628 4179 vis
657 4107 850 4198 ἀλάστορος
881 4115 993 4174 nititur
1021 4117 1055 4174 et
1083 4114 1283 4194 continetur,
1312 4132 1394 4196 quae
1423 4112 1553 4197 quidem
1582 4113 1716 4176 talionis
1744 4115 1798 4178 lex
1830 4113 1960 4195 pollens
1990 4117 2021 4175 in

389 4253 609 4335 descriptione
630 4267 739 4313 rerum
761 4269 781 4312 a
801 4250 885 4313 Jove
906 4247 1056 4331 promota
1075 4245 1224 4332 ejusdam
1246 4252 1341 4314 Jovls
1364 4249 1513 4314 custodia
1534 4257 1758 4324 conservatur,
1780 4246 1866 4310 unde
1891 4245 2021 4329 planum

389 4393 442 4469 at,
465 4407 522 4452 cur
544 4387 673 4468 iupiter
693 4388 898 4470 potissimum
922 4376 1088 4466 ἀλάστορι
1109 4393 1307 4467 potestatem
1330 4387 1430 4450 saciat
1451 4386 1630 4451 saeviendi.

488 4529 528 4589 nt
548 4541 627 4628 uero
655 4524 685 4584 si
711 4522 845 4587 talionis
875 4523 929 4585 lex
957 4521 1170 4585 inexorabilis
1199 4529 1233 4586 at
1261 4525 1560 4602 immutabilium,
1590 4543 1631 4588 ex
1661 4541 1764 4605 eaque
1791 4527 1910 4607 genius
1939 4524 2023 4586 ultor

390 4682 491 4729 novas
513 4659 650 4726 subinde
672 4658 827 4743 puniendi
849 4661 940 4722 vices
962 4660 1139 4739 instaurat,
1168 4677 1206 4724 ac
1227 4678 1359 4744 semper
1382 4663 1473 4745 viget
1493 4658 1572 4724 illud
1600 4660 1698 4742 φέρει
1721 4653 1871 4744 φέροντ’,
1900 4653 2023 4724 ἐκτίνει

389 4797 419 4868 d'
441 4795 459 4868 ὃ
481 4803 606 4867 καίνων
628 4799 759 4876 (latit),
783 4799 973 4862 necessario
997 4796 1121 4860 chorus
1151 4798 1328 4863 arbitratur
1354 4799 1513 4876 laturum,
1545 4803 1581 4858 ut
1608 4795 1737 4860 scelera
1768 4815 1809 4860 ex
1838 4793 2022 4858 sceleribus

389 4943 541 5005 serantur
568 4944 601 5001 et
631 4936 753 4998 intinita
788 4933 944 5018 quaedam
985 4935 1319 5010 nascaturtalionum
1348 4936 1581 5016 reciprocatim
1623 4937 1716 4996 1505:
1760 4937 1809 5006 τίς
1844 4924 1888 4994 ἄν
1919 4929 2023 5010 γονὰν
