4808 5706
1150 755 1226 846 u

1145 809 1149 828 l

366 1016 449 1083 quac
471 1017 532 1062 nec
552 997 727 1061 laxamenti
748 996 920 1080 quidquam
944 1015 1047 1080 neque
1069 1000 1185 1060 reniae
1207 998 1342 1073 habeat,
1374 995 1479 1080 quoad
1509 1015 1549 1061 ea
1578 997 1631 1060 lex
1661 965 1850 1082 reciprocas
1871 1005 1999 1063 ansteu-

369 1137 451 1198 tabit
471 1135 653 1200 ulciscendi
670 1137 779 1212 vices,
810 1133 888 1195 nihil
918 1137 1060 1197 remisso
1088 1133 1204 1196 ultoris
1233 1139 1322 1220 genii
1345 1137 1486 1198 saevitia
1515 1138 1545 1197 in
1572 1141 1763 1218 perpetuum
1785 1101 2000 1219 grassabitur.

373 1273 438 1348 Quo
458 1273 588 1336 laudem
609 1275 710 1357 igitur
731 1287 813 1354 opus
836 1277 889 1333 est
911 1271 1015 1351 iacto,
1039 1265 1231 1354 ἆλοέστορος
1251 1277 1286 1334 ut
1308 1274 1448 1355 impetus
1465 1271 1706 1356 elanguescat?
1747 1273 1907 1336 Videlicet
1929 1271 2003 1356 cjus

238 1399 243 1407 '
374 1410 540 1488 maleficii,
573 1408 657 1470 unde
691 1411 835 1470 nascitur
863 1407 984 1470 talione
1015 1407 1172 1491 peccandi
1203 1412 1297 1491 quasi
1327 1407 1484 1492 quaedam
1514 1411 1677 1489 incitatio,
1708 1405 1923 1472 condiendum
1952 1415 2006 1471 est

372 1541 554 1630 ambiguam
577 1550 722 1608 naturam
744 1563 823 1607 esse
846 1550 943 1626 atquc
966 1563 1006 1608 cx
1024 1543 1100 1625 jure
1121 1549 1217 1628 atque
1240 1544 1359 1626 injuria
1380 1549 1509 1609 mixtam
1533 1563 1594 1610 uec
1615 1565 1656 1608 ex
1677 1549 1761 1608 omni
1792 1551 1885 1629 parts
1911 1544 2007 1608 talio·
2128 1587 2130 1592 -

370 1687 425 1745 uls
446 1684 617 1745 obnoxiam
637 1683 810 1765 potestati,
832 1698 894 1761 qua
917 1697 1079 1744 concessa
1099 1701 1135 1746 re
1158 1682 1300 1745 concidit
1320 1675 1513 1764 οἳλοὲστορος
1541 1687 1592 1746 ris
1614 1687 1649 1746 et
1671 1686 1858 1746 auctoritas.
1904 1685 2007 1765 ,itque
2116 1687 2118 1690 ’

373 1823 420 1882 ita
441 1818 568 1882 Orestis
590 1836 721 1880 causam
744 1823 961 1902 comparatam
990 1835 1068 1881 csse
1097 1836 1137 1881 ex
1167 1820 1291 1882 lorensi
1322 1819 1561 1903 disceptatione
1590 1815 1793 1902 intelligitur.
1837 1817 2008 1892 Quaeritur

373 1957 475 2034 enim,
500 1956 634 2020 Orestes
658 1960 793 2019 rectene
814 1960 949 2016 matrem
971 1955 1136 2018 occiderit.
1181 1957 1232 2018 ilit
1253 1955 1382 2038 ilpollo,
1409 1957 1526 2018 Furiae
1554 1960 1683 2040 negant.
1730 1956 1822 2036 lltqni
1853 1953 2004 2016 domnan-

374 2095 453 2156 tium
476 2092 778 2173 absolventiumque
799 2107 894 2172 quum
915 2093 1008 2172 paria
1029 2089 1189 2176 suffragia
1210 2094 1291 2172 sint,
1314 2097 1451 2173 apparet
1472 2107 1545 2154 eum
1568 2110 1673 2175 neque
1696 2098 1786 2154 recte
1809 2107 1915 2174 neque
1944 2112 2005 2153 non

375 2234 467 2293 recte
488 2228 628 2306 iecisse,
652 2228 725 2288 sive
748 2229 802 2309 qui
825 2226 973 2289 naturale
991 2223 1048 2307 jus
1070 2225 1257 2304 violaverit,
1290 2226 1428 2290 eundem
1456 2227 1616 2290 vindicem
1649 2232 1683 2290 et
1712 2225 1879 2290 custodem
1901 2227 2006 2291 inisse

374 2363 483 2428 civilis
498 2364 557 2444 ¹³),
588 2362 626 2425 ci.
648 2363 737 2426 lium.
760 2365 951 2441 iiii-639,
972 2367 1033 2426 tat
1054 2381 1142 2445 sqq..
1185 2364 1272 2447 Ergo
1296 2381 1400 2447 neque
1423 2365 1523 2426 vincit
1545 2365 1697 2457 Orestes,
1730 2381 1835 2447 neque
1858 2367 2006 2444 vincitur,

376 2521 437 2566 nec
464 2503 572 2586 magis
600 2503 655 2562 aut
686 2501 817 2561 vincunt
844 2503 900 2560 aut
925 2501 1095 2562 vincuntur
1124 2501 1258 2583 Furiae3
1289 2499 1329 2564 ci.
1362 2501 1455 2564 Eum.
1480 2504 1557 2565 ili:
1587 2463 1683 2588 νικᾷ
1712 2493 1744 2564 δ’
1762 2493 1917 2584 Ὀρέστης
1944 2493 2008 2563 κᾶν
2099 2500 2104 2514 ’

378 2633 557 2720 ἰσόψηφος
577 2637 679 2724 κριθῇ
701 2633 773 2698 οοΙΙ.
797 2653 827 2696 ν.
850 2638 927 2713 795,
948 2636 1003 2699 ubl
1025 2637 1131 2699 Furiis
1152 2637 1315 2700 llinerra:
1339 2627 1385 2700 od
1411 2631 1488 2718 γὰρ
1515 2628 1757 2720 νενίκησθ’,
1785 2629 1860 2702 ἄλλ’
1884 2633 2009 2720 ἰσόψη-

379 2799 444 2864 φος
466 2774 539 2858 dtaq
561 2764 678 2856 iente
699 2764 856 2853 ἀληθῶς,
879 2763 940 2835 οὐκ
959 2763 1079 2860 ἀτιμίᾳ
1103 2775 1211 2838 σέθεν
1231 2766 1309 2836 nt..
1353 2772 1467 2835 Nullus
1487 2775 1590 2858 igliur
1611 2773 1746 2836 relictus
1774 2772 1887 2835 talioni
1915 2773 2009 2836 locus

377 2921 411 2978 ct
443 2913 605 2976 exstincta
633 2913 683 2972 vis
716 2901 907 2990 ἀλάστορος
938 2914 1008 2988 est,
1047 2907 1141 2990 cujus
1168 2913 1333 2992 potestas,
1368 2927 1428 2970 non
1465 2912 1497 2970 in
1526 2909 1686 2972 homiuem
1716 2908 1833 2992 ullum,
1866 2865 1955 2974 velut
1977 2915 2007 2972 in

378 3053 589 3136 propinquum
618 3046 758 3129 aliquem
787 3043 1139 3126 Clytaemnestras'⁴),
1168 3043 1230 3108 sed
1259 3047 1289 3105 in
1321 3044 1467 3107 vindices
1496 3047 1631 3126 pietatis
1652 3048 1740 3110 Deus
1771 3047 1949 3126 translata,
1978 3050 2007 3110 si
2091 3121 2096 3129 Ι

377 3211 439 3255 non
462 3193 556 3252 esset
577 3186 753 3248 constituto
774 3179 943 3264 debilitata
967 3177 1110 3262 judicio,
1138 3181 1279 3245 futurum
1306 3187 1394 3259 erat,
1422 3185 1457 3242 ut
1485 3187 1540 3244 aut
1569 3187 1709 3246 sumtum
1731 3182 1772 3246 dc
1795 3183 1911 3248 Oreste
1933 3203 2007 3264 sup·

376 3329 508 3414 plinium
531 3323 682 3390 ciuilibus
705 3318 770 3381 illis
793 3319 864 3380 iliis
887 3322 1000 3382 contra
1020 3321 1135 3382 Furias
1155 3318 1299 3383 bellandi
1322 3322 1556 3382 necessitatem
1578 3324 1776 3403 imponeret,
1799 3327 1853 3382 aut
1875 3329 2005 3402 ereptus

347 3505 352 3514 ·
378 3455 437 3549 per
460 3465 524 3526 vim
544 3459 715 3524 ultricibus
737 3456 826 3516 Diris
848 3471 925 3520 reus
948 3457 1089 3522 lusorem
1112 3449 1222 3521 earum
1244 3457 1404 3521 adversus
1425 3457 1540 3520 Jorem
1561 3462 1595 3520 ct
1616 3456 1795 3539 Apollinem
1822 3459 1874 3522 vel
1894 3461 2002 3541 potius

383 3603 542 3666 adversus
572 3613 679 3658 caram
701 3597 743 3657 iis
772 3595 955 3658 numinibus
983 3599 1095 3660 urbem
1128 3597 1315 3658 concitaret.
1368 3595 1457 3657 Nunc
1479 3601 1587 3658 autem
1609 3611 1704 3676 quum
1726 3613 1786 3656 non
1814 3599 2006 3658 contemtum

380 3740 441 3803 sed
463 3751 534 3800 cum
556 3732 644 3796 civili
666 3737 879 3816 exaequatum
901 3735 947 3794 sit
962 3731 1019 3814 jus
1043 3729 1190 3794 naturale
1217 3733 1290 3793 siue
1317 3731 1502 3812 Furiarum,
1528 3733 1792 3814 sapientissimae
1818 3733 1908 3796 lleae
1939 3751 2009 3796 ser-

380 3875 529 3938 monibus
555 3870 678 3953 placari
708 3887 746 3931 se
774 3872 941 3951 patiuntur
970 3873 1004 3928 et
1032 3885 1104 3930 cum
1132 3866 1188 3929 illo
1216 3869 1399 3930 recentiore
1421 3869 1562 3931 Deorum
1595 3887 1735 3954 genere,
1766 3879 1899 3937 auctore
1923 3871 2010 3952 juris

382 4029 442 4071 non
466 4027 507 4071 cx
529 4013 646 4070 natura
666 4007 740 4086 ipsa
761 4008 899 4087 arrepti,
924 4002 1002 4084 sed,
1025 4009 1059 4066 ut
1081 4007 1200 4086 priscis
1222 4005 1327 4067 visum
1349 4009 1416 4082 est,
1447 4007 1624 4090 excogitati
1654 4007 1855 4092 consilioque
1879 4013 2012 4092 reperti,

381 4149 590 4208 revertuntur
610 4146 643 4205 ln
665 4141 812 4226 gratiam.

480 4279 547 4344 Sed
569 4280 609 4344 sd
630 4280 725 4342 linem
754 4283 801 4341 ita
823 4275 991 4360 perducta
1009 4279 1229 4362 disputatione
1259 4284 1371 4342 nostra
1398 4279 1473 4344 dum
1502 4298 1584 4363 quae
1616 4283 1740 4364 scripta
1767 4285 1844 4340 siant
1874 4297 1894 4342 a
1920 4281 2015 4343 uobis

381 4422 666 4501 recognoscimus,
697 4418 761 4480 elsi
792 4434 853 4477 non
889 4415 1034 4480 videmur
1062 4433 1192 4500 operam
1224 4417 1411 4500 perdidisse
1442 4433 1577 4500 prorsus
1612 4433 1756 4494 omnem,
1790 4415 1879 4478 subit
1905 4421 2013 4477 tamen

381 4559 519 4619 animum
543 4556 668 4632 vereri,
700 4573 740 4617 ne
762 4556 828 4615 siut
850 4573 911 4615 nou
941 4560 1024 4619 sutis
1046 4555 1146 4639 digna
1170 4553 1411 4640 magnificentia
1438 4562 1472 4618 ct
1494 4555 1654 4640 religione
1679 4571 1865 4632 sacrorum,
1898 4549 2014 4633 qulbus

382 4695 562 4758 indicendis
599 4698 634 4756 ut
669 4689 892 4774 praeferemus
925 4695 1123 4774 potestatem
1167 4692 1261 4754 nobis
1294 4694 1374 4757 iecit
1409 4691 1600 4771 amplissimi
1638 4691 1780 4753 Senatus
1821 4687 2011 4751 auctoritas.

380 4831 507 4894 Etenim
528 4825 591 4893 nor
612 4833 664 4892 ter
685 4784 796 4910 optimi
817 4830 949 4891 maximi
970 4828 1145 4918 beneficio,
1176 4825 1270 4911 cujus
1292 4829 1392 4893 rebus
1414 4829 1537 4888 nostris
1560 4843 1662 4909 saepe
1683 4825 1839 4912 trepidis,
1871 4841 2015 4886 nonuun-

382 4985 476 5050 quam
516 4969 735 5046 tristissimis,
777 4969 1081 5048 praeacatissimum
1116 4983 1249 5050 semper
1292 4969 1389 5048 atque
1430 4963 1711 5030 euidentissimum
1748 4960 1851 5026 adluit
1887 4975 2015 5036 numen,
