4808 5706
388 921 481 988 quam
501 901 632 984 proprie
655 897 786 962 deiecta
808 896 909 960 rerba
937 897 1012 958 slot.
1056 889 1158 976 Cujus
1186 895 1419 959 immanitatem
1447 896 1576 958 consilii
1605 915 1666 980 quo
1697 902 1803 984 magis
1826 899 2023 980 exprimeret

387 1037 568 1121 Aeschylus
590 1042 625 1100 et
646 1033 843 1098 audientium
865 1035 897 1096 iu
919 1035 1037 1096 animis
1058 1035 1190 1114 penitus
1211 1031 1379 1114 affigeret,
1411 1037 1536 1116 patrem
1559 1053 1620 1096 nou
1643 1043 1678 1098 ut
1697 1041 1815 1120 postea
1836 1034 2025 1101 Timanthes

387 1182 508 1242 victum
531 1173 654 1238 introito
675 1168 788 1233 dolore
809 1168 889 1232 lecit
918 1173 1014 1252 caput
1043 1169 1277 1246 obnubentem‚
1308 1169 1371 1232 sed
1400 1173 1433 1232 lu
1460 1171 1670 1254 perficiendis
1693 1172 1895 1236 foedissimis
1917 1177 2024 1238 saeris

389 1314 529 1374 mimum
558 1306 632 1388 ejus
660 1309 758 1370 etiam
787 1305 829 1367 ed
855 1303 1082 1370 crudelitatem
1110 1304 1290 1368 obduravit.
1343 1306 1432 1368 hdeo
1461 1307 1551 1370 ierus
1580 1313 1633 1370 est
1662 1309 1719 1374 ilie
1748 1312 1782 1371 iu
1813 1309 2024 1374 exhortandis

391 1446 626 1530 incitandleque
647 1445 849 1520 victimariis,
872 1461 955 1526 quos
970 1441 1067 1526 jubet
1082 1439 1222 1524 puellam
1237 1445 1342 1506 παντί
1361 1444 1462 1530 θυμῷ
1482 1446 1620 1508 ἰοντων
1642 1446 1771 1526 tollere,
1794 1451 1889 1530 atque
1912 1450 1943 1510 io
1965 1465 2023 1512 ore

394 1587 540 1669 virgineo
562 1582 666 1645 irenis
689 1579 962 1662 constringendo,
986 1597 1027 1640 ue
1048 1577 1129 1640 diris
1152 1580 1260 1662 possit
1280 1578 1446 1642 deuouere
1468 1579 1609 1659 domum,
1643 1584 1695 1644 cni
1716 1581 1842 1650 lerltati
1863 1585 2024 1646 contrariu

387 1722 492 1784 torma
511 1720 684 1782 morientis
708 1715 835 1798 puellae
857 1721 891 1776 et
913 1716 1093 1797 asperrime
1116 1711 1268 1794 imposita
1287 1716 1494 1778 taciturnitas
1516 1722 1550 1780 et
1572 1718 1679 1781 vultus
1701 1719 1733 1780 lu
1757 1716 1907 1802 singulos
1922 1721 2024 1782 sacri-

258 1851 263 1868 ⁴
388 1856 479 1920 colas
502 1851 737 1917 miserabiliter
765 1849 933 1933 conjectus
964 1850 1189 1914 vehementius
1222 1852 1320 1913 etiam
1350 1857 1521 1933 permonet
1543 1855 1678 1916 animos.
1721 1855 1809 1916 llaec
1841 1858 1934 1917 tauta
1954 1863 2025 1920 arte

265 1971 269 1980 Ι
389 2001 490 2079 poeta
511 2009 550 2052 eo
572 1986 709 2052 consilio
731 1984 894 2068 depinxit,
921 1991 957 2048 ut
985 1987 1122 2050 haberet
1150 1989 1236 2050 ectio
1266 1987 1414 2067 labulae,
1444 2006 1506 2070 quo
1533 1993 1695 2073 tamquam
1716 1989 1922 2055 fundamento
1944 1993 2023 2054 iusi.

392 2135 514 2202 steret,
543 2135 577 2189 nt
598 2142 639 2187 ne
667 2127 740 2186 siue
771 2124 897 2208 lugenti
926 2140 1028 2184 cansa
1049 2121 1310 2203 Clytaemnestra
1337 2123 1504 2188 videretur
1529 2131 1564 2188 et
1583 2127 1739 2210 pudorem
1759 2128 1969 2192 matronalem
1989 2135 2024 2192 et

391 2269 482 2350 regis
503 2277 542 2326 ac
570 2263 677 2324 mariti
707 2259 937 2344 verecundiam
960 2260 1112 2338 exuisse,
1144 2258 1205 2322 sed
1237 2261 1385 2326 horribili
1417 2261 1504 2328 lacto
1532 2263 1686 2326 violatum
1715 2264 1850 2344 pletatis
1875 2261 1933 2344 jus
1962 2281 2023 2328 non

390 2407 495 2468 miuus
517 2399 672 2464 horribile
694 2413 892 2480 praeparere
913 2396 1041 2459 facinus
1063 2396 1204 2460 violandi
1229 2393 1318 2477 juris
1347 2401 1431 2482 regii
1452 2419 1492 2461 uc
1514 2399 1630 2462 civilis.
1674 2398 1860 2462 Immolator
1887 2419 2024 2484 namque

389 2541 477 2604 hiiae
497 2557 556 2602 rex
576 2541 609 2602 iu
630 2535 799 2600 formulam
827 2533 942 2596 incidit
970 2532 1058 2596 illam
1087 2535 1182 2597 Jonie
1212 2532 1363 2596 custodia
1382 2539 1504 2614 ratam,
1533 2555 1596 2618 qua
1622 2539 1755 2602 παθεῖν
1782 2538 1830 2625 τῷ
1858 2533 2024 2617 δράσαντι

391 2677 592 2762 proponitur,
614 2691 653 2735 ac
675 2673 740 2734 uim
760 2671 849 2735 subit
870 2670 1022 2746 talionis,
1055 2689 1150 2753 quam
1173 2671 1433 2753 Clytaemnestra
1464 2691 1536 2735 cnm
1557 2673 1715 2757 heglstbo
1742 2673 1876 2737 collatis
1898 2673 2022 2738 viribus

391 2817 620 2894 exsequuntur.
663 2811 732 2872 iloc
753 2811 861 2871 antem
882 2806 1015 2870 talionis
1032 2803 1090 2888 jus
1113 2811 1146 2870 et
1169 2807 1294 2872 Chorus
1317 2811 1488 2872 cantitetur
1507 2810 1540 2871 iu
1562 2808 1664 2872 caede
1685 2813 1777 2894 regis
1796 2814 1924 2874 uersari
1947 2813 2021 2894 (bg.

391 2949 482 3012 1³³8:
505 2949 566 3012 νῦν
587 2939 618 3011 δ’
641 2943 675 3010 εἰ
694 2945 870 3029 προτέρων
890 2936 962 3025 αἷμ’
984 2933 1148 3007 δπστίσει
1168 2946 1225 3006 ναί
1242 2949 1336 3011 τοῖσι
1357 2947 1509 3010 θανοῦσι
1530 2941 1651 3014 θανὼν
1673 2941 1788 3012 ἄλλον
1810 2943 1934 3028 ποινὰς
1954 2951 2023 3012 θα-

391 3079 501 3150 νάτων
529 3076 783 3164 οἶντεπινραίνει
799 3083 862 3158 ¹¹),
898 3084 950 3154 τίς
986 3072 1031 3146 διν
1066 3076 1116 3155 εἷς
1152 3075 1286 3154 εὔξαιτο
1317 3084 1449 3164 βροτῶν
1478 3073 1595 3147 ἆσινεῖ
1628 3080 1766 3165 δαίμονι
1806 3084 1915 3168 φῦναι
1950 3077 2025 3150 τάδ’

389 3214 522 3286 ἄνοδον
527 3228 574 3298 3),
614 3227 648 3284 et
683 3225 779 3304 urget
813 3220 1051 3297 assereretque
1080 3215 1340 3298 Clytaemnestra
1373 3221 1487 3295 (leem
1526 3215 1560 3284 εί
1586 3210 1616 3284 δ’
1647 3210 1688 3300 ἢν
1721 3218 1923 3300 πρεπόντων
1950 3213 2026 3296 cice’

390 3353 614 3424 ἐπισπένδειν
641 3357 764 3444 νεκρῷ,
791 3344 869 3418 τάδ’
896 3345 941 3416 δν
961 3352 1099 3448 δικαίως
1119 3347 1178 3436 ἦν,
1207 3343 1397 3439 δπερδίνως
1422 3356 1486 3440 μὲν
1515 3349 1586 3424 οὗν.
1637 3352 1797 3418 Turricula
1824 3349 1957 3442 κρατῆρ’
1987 3353 2025 3425 ἐν

391 3495 508 3578 δόμοις
528 3495 638 3559 κακῶν
660 3487 721 3558 ὅδε
742 3487 876 3573 πλήσας
897 3481 1029 3571 ἀραίων
1055 3481 1159 3566 αδτδς
1189 3485 1320 3557 ἐκπίνει
1341 3489 1466 3571 μολών·
1497 3459 1592 3556 lilii:
1623 3483 1722 3566 οὗτός
1743 3484 1839 3556 ἐστιν
1856 3483 2025 3575 ’Arrepto
2155 3485 2159 3493 ¹

389 3655 474 3708 νων,
495 3627 577 3714 ἐμὸς
599 3627 723 3706 πόσις,
754 3623 870 3712 νεαρὸς
891 3625 928 3690 δὲ
948 3625 1046 3709 rhode
1068 3626 1181 3704 δεξιᾶς
1208 3626 1327 3713 χερὸς,
1357 3623 1458 3709 ἔργον
1486 3625 1619 3701 δικαίας
1647 3630 1812 3704 τέκτονος.
1859 3621 1944 3694 'ibid'
1965 3621 2027 3696 ὧδ’

390 3763 473 3850 ἔχει.
517 3765 882 3849 nudev.1rlasqq.).
927 3767 971 3827 hc
1003 3766 1135 3829 talionis
1165 3765 1240 3850 ejus
1274 3764 1419 3830 redditur
1450 3765 1754 3847 adipisemnestra
1781 3769 1865 3834 ratio
1886 3765 2022 3849 duplex;

388 3927 463 3972 uum
483 3912 518 3968 et
539 3905 670 3985 proprie
692 3919 732 3966 se
752 3901 830 3966 dicii
852 3901 1036 3966 immolatae
1059 3900 1145 3966 illine
1165 3921 1302 3987 poenam
1324 3903 1366 3966 de
1387 3907 1480 3986 petre
1501 3863 1664 3968 sumsisse
1686 3923 1723 3967 ac
1745 3903 1850 3985 petris
1870 3903 1904 3971 in
1925 3901 2023 3968 iba·

388 4047 557 4125 impietate
577 4045 786 4123 prouocatam
809 4043 920 4104 uxoris
943 4041 977 4100 in
999 4041 1160 4122 maritum,
1183 4047 1217 4104 et
1238 4043 1450 4105 communiter
1472 4059 1534 4102 uon
1555 4045 1668 4108 uxoris
1688 4059 1727 4104 se
1748 4038 1809 4104 sed
1832 4031 2024 4122 ἀλάστορος

387 4182 540 4265 gessisse
570 4195 760 4262 personam,
791 4182 878 4244 hirei
907 4180 1035 4243 lacinus
1064 4181 1096 4240 in
1126 4181 1366 4264 Agamemnone
1396 4178 1643 4259 persequeoils3
1671 4175 1712 4240 ci
1742 4179 1800 4262 dg.
1832 4181 1912 4242 liiii
1940 4193 2023 4258 sqq„

387 4333 482 4398 quero
512 4314 617 4378 locum
645 4315 880 4400 adscripsimus
907 4333 1009 4398 snpra
1035 4335 1065 4398 p.
1087 4319 1108 4378 8
1133 4333 1202 4398 sq..
1252 4315 1394 4396 Utraque
1428 4315 1510 4375 ratio
1539 4329 1635 4396 quum
1664 4331 1745 4377 nera
1771 4320 1840 4392 est,
1867 4319 1934 4376 tum
1962 4314 2023 4379 snb

387 4453 476 4518 illam
498 4453 648 4534 subjectu
670 4456 734 4516 vim
758 4459 792 4516 et
811 4457 958 4516 hamram
986 4444 1198 4536 ἄλαστορσς,
1227 4469 1310 4536 quae
1341 4453 1484 4514 cernitur
1510 4451 1541 4512 in
1569 4469 1611 4513 ea
1636 4467 1719 4533 quae
1742 4454 1850 4514 manet
1870 4451 1911 4516 ab
1934 4458 2024 4515 ente·

386 4593 517 4674 gressis
546 4589 716 4656 maleficiis
744 4609 804 4676 per
828 4587 982 4652 talionem
1010 4587 1167 4672 peccandi
1196 4585 1341 4652 libidine.
1392 4589 1471 4650 Nam
1504 4587 1589 4670 quud
1625 4591 1825 4674 Agamemno
1862 4589 2023 4655 comunn

386 4727 530 4807 nelarie,
560 4725 603 4789 ed
631 4728 788 4792 nolanam
817 4729 971 4793 ultionem
998 4725 1083 4789 ultro
1114 4731 1209 4790 vocat
1231 4722 1541 4826 Clytaemnestram3
1577 4724 1662 4808 qnod
1683 4729 1803 4789 Atreus
1823 4725 1857 4788 in
1879 4723 2023 4806 Thyeste

385 4868 574 4929 taeterrime
597 4863 743 4968 deliquit,
766 4865 827 4928 hoc
849 4871 885 4930 nt
905 4865 1020 4930 muller
1040 4863 1163 4928 ultione
1176 4871 1211 4928 et
1232 4865 1304 4943 ipsa
1325 4865 1515 4926 taeterrima
1537 4861 1687 4941 vindicet,
1710 4859 1889 4943 impellitur
1903 4864 2022 4932 machi.-
