4808 5706
1171 755 1243 844 ¹,

387 1007 449 1070 quo
471 989 589 1051 Furiae
610 987 765 1068 praedam
787 1003 878 1048 suam
902 993 1162 1070 consequuntur,
1185 992 1216 1052 in
1238 987 1330 1050 Emn.
1352 992 1413 1052 372
1435 996 1570 1054 vocatur
1591 987 1759 1074 άάςφορος
1779 983 1855 1054 dan.
1900 991 2024 1054 Chorus

386 1127 418 1186 ln
441 1121 551 1206 Suppl.
576 1127 632 1186 tut
654 1123 761 1188 κοννῶ
782 1113 810 1200 γ’
832 1115 935 1200 άιαν,
965 1126 1084 1206 lnquit,
1116 1126 1264 1206 γαμετάς
1292 1125 1465 1200 (lunonis)
1497 1117 1728 1207 culpandusne·
1763 1126 1886 1189 Chorus
1911 1129 1944 1188 in
1968 1127 2023 1190 Ch.

384 1265 460 1326 sao:
484 1256 634 1325 ἔνδοθεν
656 1261 797 1341 φοινίαν
818 1250 905 1322 άιαν
926 1262 1039 1336 τίθει,
1069 1251 1157 1324 lutus
1188 1262 1219 1322 in
1248 1260 1386 1324 aedibus
1414 1267 1580 1326 cruentam
1608 1264 1763 1328 ultionem
1783 1262 1914 1347 perfice.
1956 1263 2027 1324 lluc

385 1396 553 1460 retulerim
574 1397 666 1458 Pers.
689 1397 766 1458 821:
794 1389 891 1479 ὕβρις
917 1392 981 1478 γάρ
1003 1389 1190 1472 ἐξανθοάά
1212 1390 1395 1481 ἕιιάρπασι
1415 1396 1545 1482 στάχυν
1565 1393 1666 1482 άιης,
1695 1395 1783 1466 ὅθεν
1811 1397 2028 1479 πάγκλαυτον

385 1527 496 1620 ἐξαμᾷ
518 1533 633 1614 θέρος.
676 1534 744 1596 Ηοο
773 1551 900 1615 quoquc
928 1535 961 1594 in
990 1535 1241 1616 significationis
1272 1551 1399 1616 genere
1428 1527 1490 1618 άιι
1519 1553 1693 1617 personam
1719 1526 1833 1616 potest
1854 1535 2026 1616 suscipere

385 1675 542 1753 numinia3
580 1675 636 1755 Ag.
663 1677 754 1734 lusu:
785 1664 833 1750 μά
862 1663 922 1752 τὴν
949 1667 1081 1733 τέλειον
1106 1673 1163 1752 τῆς
1191 1667 1272 1753 ἐμῆς
1293 1639 1420 1746 παιδὸς
1445 1669 1558 1754 δίκην,
1579 1667 1684 1755 'nepa
1709 1665 1841 1754 Ἐρινύν
1862 1663 1920 1746 θ’,
1950 1667 2026 1736 αἷσι

385 1799 479 1874 τάνδ’
502 1799 630 1892 ἔσφαξ’
648 1802 727 1887 ἐγώ,
749 1807 804 1869 ubi
823 1805 1082 1887 Clytaemnestra
1102 1807 1240 1888 primum
1262 1809 1390 1890 quidem
1406 1811 1562 1870 universe
1580 1807 1811 1889 pernitionem
1831 1807 2026 1872 interfectae

386 1948 473 2010 filiae
496 1947 589 2029 quasi
611 1961 672 2026 per
694 1941 853 2025 quoddam
875 1961 991 2006 numen
1009 1941 1117 2024 jurat,
1150 1942 1270 2008 deinde
1298 1962 1381 2025 quae
1408 1949 1565 2028 praesunt
1593 1945 1709 2010 ultioni
1737 1947 1868 2008 numina
1890 1941 2026 2026 subjicit

386 2087 580 2167 separatim3
604 2081 660 2144 ch.
682 2083 738 2142 οὓς
768 2075 906 2162 διαλγὴς
925 2073 1009 2162 ’Ἁιη
1031 2079 1192 2164 διαφέροι
1212 2077 1273 2144 τὸν
1301 2079 1419 2146 αἴτιον
1439 2079 1565 2157 (Sehol.
1587 2078 1857 2165 διασπαράσσει·
1887 2080 1927 2144 cl.
1951 2081 2023 2144 Eur.

384 2221 501 2282 Bacch.
524 2221 621 2298 idum
643 2219 701 2299 dg.
726 2221 821 2278 1124:
844 2221 965 2297 ιαχοῒα
989 2208 1120 2280 δ”Ἁια
1142 2214 1261 2312 πέλοι,
1284 2235 1369 2297 quae
1391 2235 1452 2280 mm
1476 2215 1604 2280 videtur
1624 2217 1690 2280 alia
1718 2235 1797 2280 esse
1826 2236 1921 2299 quana
1943 2237 2024 2300 qnae

385 2354 480 2416 modo
508 2352 755 2418 multidicis
788 2344 917 2434 Ἐρινὺς
949 2357 1002 2415 est
1029 2352 1086 2422 (cs.
1120 2369 1215 2434 quem
1251 2353 1349 2434 pardo
1385 2359 1462 2420 ante
1497 2355 1665 2419 attulimus
1702 2351 1854 2432 ejusdem
1894 2354 2022 2416 tabulae

385 2493 525 2570 locum),
553 2495 588 2554 nt
616 2491 781 2554 sententia
811 2489 894 2554 haec
923 2491 985 2552 sit:
1022 2489 1150 2570 qualem
1179 2495 1215 2552 tu
1244 2507 1344 2552 vocas
1372 2489 1529 2552 Furium?
1581 2492 1651 2554 Non
1681 2509 1733 2554 me
1762 2495 1838 2554 tuus
1864 2487 2017 2551 exhilarat

385 2649 513 2708 sermo,
542 2629 602 2694 aad
630 2630 752 2713 insigni
781 2647 820 2690 ac
851 2643 954 2710 prope
976 2627 1067 2690 letali
1093 2627 1252 2709 corripior
1280 2627 1434 2706 horrore3
1471 2645 1576 2708 neque
1605 2629 1691 2690 enirn
1718 2623 1879 2720 ejusmodi
1905 2631 2015 2688 nocato

386 2771 484 2832 Furia
506 2769 675 2830 cunctatur
696 2767 772 2847 quin
795 2767 912 2828 veniat.

487 2902 554 2966 Sed
577 2920 659 2984 quae
680 2907 843 2985 tamquam
864 2905 959 2964 unius
982 2901 1103 2965 radicis
1125 2902 1248 2982 stirpes
1271 2899 1439 2964 sciderunt
1461 2919 1500 2962 se
1517 2899 1633 2982 cnlpae
1654 2917 1844 2980 poenaeque
1861 2899 2013 2974 notiones,

386 3041 427 3106 ad
448 3040 658 3104 indiscretam
679 3039 911 3121 confusamque
933 3043 1079 3101 naturam
1102 3036 1254 3115 redeunt,
1276 3053 1373 3118 quum
1395 3034 1510 3118 culpae
1532 3039 1674 3122 genitrix
1696 3037 1839 3114 insania,
1861 3034 2011 3115 adquam

386 3181 459 3260 quis
481 3176 643 3260 adigitur,
672 3177 745 3258 ipsu
772 3193 831 3258 pro
860 3195 967 3258 poena
995 3175 1110 3257 culpae
1144 3159 1337 3237 vetustioris
1367 3178 1430 3235 est.
1472 3174 1580 3238 Veluti
1607 3195 1704 3260 quum
1735 3173 1821 3258 apud
1847 3173 2015 3236 llomerum

385 3315 533 3378 Minerva
554 3331 725 3396 procorum
748 3313 993 3378 consceleratas
1015 3317 1142 3374 mentes
1165 3311 1347 3394 exigendae
1375 3329 1502 3394 poenae
1524 3331 1624 3377 οιιιιι
1645 3316 1686 3379 ad
1707 3333 1793 3378 nova
1814 3307 2017 3394 suscipienda

387 3450 516 3514 scelera
537 3451 682 3514 stimulat
709 3451 765 3523 (cs.
788 3451 878 3512 llom.
913 3447 1024 3513 Theol.
1054 3467 1084 3531 p.
1104 3454 1199 3526 ³⁰0),
1232 3453 1299 3512 tum
1328 3449 1364 3512 lit
1393 3449 1472 3512 illud
1502 3452 1587 3533 quod
1614 3453 1686 3516 ficri
1714 3452 1825 3516 solere
1846 3449 1926 3512 dicit
1948 3448 2016 3528 layo.

326 3575 333 3586 ’
386 3585 458 3650 adv.
482 3587 594 3650 Leocr.
618 3591 646 3664 §.
662 3593 718 3652 92:
741 3584 774 3651 ot
795 3583 859 3666 γάρ
881 3588 962 3650 θεοὶ
983 3578 1084 3650 οάάέν
1105 3583 1273 3669 πρότερον
1293 3589 1457 3653 ποιοῦσιν
1476 3581 1495 3671 ἢ
1517 3591 1586 3653 τάν
1612 3591 1804 3671 πονηρῶν
1827 3579 2020 3667 άνθράπαν

385 3721 444 3807 τὴν
472 3721 631 3788 διάνοιαν
657 3721 881 3805 παράγουσιν.
931 3721 1021 3786 Unde
1050 3721 1281 3806 intelligimus,
1320 3723 1415 3806 qunle
1443 3727 1488 3788 ult
1515 3723 1611 3802 illud,
1650 3723 1734 3806 quod
1763 3727 1795 3788 ln
1831 3721 1942 3804 Suppl.
1965 3722 2021 3782 aaa

388 3857 475 3935 Ζεὺς
497 3857 633 3924 vocatur
654 3852 893 3945 ἕτεροῤῥεπὴς,
915 3857 1186 3943 νέμωνοίκόιιις
1207 3855 1330 3927 donna
1352 3859 1414 3942 μέν
1443 3864 1606 3935 κακοῖς,
1637 3854 1736 3924 ὅσια
1759 3851 1790 3924 δ’
1811 3854 2019 3942 ἐννόμοις·

387 3998 598 4082 intelligimus
621 3999 737 4075 etiam,
759 4015 817 4059 eur
839 3997 895 4058 Cir.
919 4001 979 4060 4⁰⁰
1001 3999 1033 4060 ln
1055 3997 1145 4062 clrori
1178 4003 1320 4062 cnrrnine
1348 4001 1458 4080 posita
1487 3999 1554 4060 sint
1580 4001 1679 4062 haec:
1711 3989 1802 4062 άλλά
1831 3995 1936 4079 νόμος
1964 3994 2020 4078 μὲν

387 4137 512 4218 φονέας
535 4134 701 4213 σιαγόνας
722 4134 870 4216 χυμένας
891 4126 926 4207 ἐς
947 4129 1055 4198 πέδον
1081 4127 1167 4198 ἄλλο
1196 4139 1393 4218 προςαιιιῖν
1423 4130 1521 4215 αἱμα.
1564 4136 1642 4222 Boni
1663 4130 1726 4215 γάρ
1748 4129 1864 4213 λοιγὸν
1881 4124 2022 4214 Ἐρινὺς,

386 4268 482 4356 παρά
504 4233 572 4334 σοῖν
593 4267 760 4353 πρότερον
782 4272 964 4356 φθιμένων
985 4264 1009 4333 ά
1017 4293 1088 4350 την
1110 4263 1230 4354 ἑτέραν
1251 4264 1453 4352 ἐπάγουσαν
1473 4263 1529 4336 ἐπ’
1550 4264 1637 4360 ἄτῃ·
1667 4269 1812 4334 clamitat
1831 4269 1930 4332 Furia
1951 4285 2023 4350 per·

386 4411 520 4489 niclem,
551 4427 679 4470 ιιουουι
708 4408 835 4489 quidem
866 4405 1010 4491 culpam
1039 4409 1098 4484 iis,
1132 4409 1185 4490 qai
1214 4409 1290 4468 ante
1318 4409 1484 4472 interemti
1513 4411 1607 4486 sunt,
1642 4408 1831 4472 auctoribus
1859 4409 2022 4488 superiori

387 4545 501 4628 culpae
520 4564 660 4630 poenae
681 4543 760 4608 luco
783 4543 1032 4624 succedentem
1054 4538 1137 4627 άιρν
1158 4547 1245 4608 enim
1266 4543 1307 4608 ad
1329 4542 1445 4624 λοιγὸν
1465 4563 1525 4628 per
1548 4546 1786 4629 appositionem
1804 4541 2022 4619 referendum,

386 4679 587 4762 ἐπάγουσαν
609 4683 817 4744 intransitive
839 4681 1031 4764 capiendum
1052 4688 1122 4762 est,
1145 4699 1228 4765 quae
1250 4699 1307 4746 res
1328 4700 1348 4745 a
1370 4683 1465 4747 nobis
1487 4681 1702 4765 explicabitur
1723 4679 1812 4744 alibi.

489 4823 562 4886 Jam
584 4810 702 4883 dixe'rit
723 4818 842 4902 aliquis
864 4826 1030 4902 repertum
1053 4835 1149 4899 esse,
1176 4819 1263 4900 quod
1291 4823 1363 4882 erat
1391 4820 1584 4900 quaesitum.
1626 4818 1757 4882 Peccati
1780 4824 1927 4882 naturam
1948 4818 2022 4881 dum

388 4958 596 5042 indagamus,
621 4958 758 5022 vidimus
780 4957 977 5022 voluntatem
1005 4954 1163 5040 peccandi
1191 4953 1296 5023 νόσον
1326 4973 1406 5020 esse
1436 4956 1571 5041 φρενάν
1599 4960 1633 5018 et
1653 4956 1800 5019 morbum
1827 4955 1911 5018 hano
1940 4947 2023 5035 άιρν
