4808 5706
1175 759 1247 846 1⁸

395 1004 516 1080 vocari,
550 993 633 1082 άτρς
660 1001 769 1062 nutem
800 1015 901 1078 possa
931 1015 1157 1079 nonnunquam
1191 1013 1263 1060 eam
1293 1012 1373 1060 esse
1405 999 1485 1076 vim,
1516 999 1552 1058 nt
1579 994 1704 1076 culpam
1731 993 1879 1058 declaret
1906 1013 2031 1078 poenae

390 1145 464 1208 loco
486 1139 721 1212 commeritum.
763 1133 837 1198 Jom
859 1135 913 1199 ubl
934 1151 1019 1220 gens
1041 1133 1150 1216 aliqua
1172 1133 1262 1198 velut
1278 1132 1460 1197 Atridarum
1482 1131 1584 1194 multa
1604 1127 1722 1192 iecerit
1742 1129 1887 1210 meinric,
1916 1134 2030 1198 locem

392 1277 532 1352 εἰκότως
554 1269 656 1340 didaco
677 1277 791 1347 κακοῖς
819 1271 953 1354 νέμειν,
982 1273 1057 1336 slve
1086 1269 1258 1337 meleicctn
1289 1269 1473 1332 malefactis
1503 1265 1640 1346 ulcisci,
1675 1285 1797 1352 easque
1825 1273 1936 1354 ipsus,
1968 1291 2030 1336 non

394 1417 498 1497 alias,
519 1405 710 1494 ἀλάστορος
731 1426 810 1474 esse
831 1413 964 1492 partes,
986 1408 1082 1471 Jovis
1103 1425 1265 1472 concessu
1285 1409 1321 1470 in
1339 1403 1519 1469 ltrldcmm
1541 1404 1636 1466 domo
1658 1405 1857 1487 saevientis3
1879 1425 1942 1470 nou
1965 1409 2031 1472 tale

397 1569 512 1616 numen
534 1547 609 1632 ejus
631 1567 727 1626 csse,
750 1545 836 1629 qnod
857 1542 1018 1626 peccandi
1039 1542 1174 1607 libidine
1194 1559 1308 1626 puram
1329 1541 1469 1606 sceleris
1498 1543 1726 1624 innoxiumque
1746 1549 1878 1627 gentem
1899 1543 2031 1622 alliciat,

396 1688 454 1752 sed
476 1687 681 1772 expetendae
703 1685 868 1750 vindictae
891 1699 993 1746 causa
1013 1683 1170 1763 impuram
1191 1685 1226 1744 et
1246 1679 1513 1744 consceleratum.
1554 1671 1762 1761 Ἀλάοτορος
1790 1682 1892 1766 igitur
1918 1699 2030 1745 neccs-

393 1829 491 1888 sitate
524 1825 636 1908 subigi
666 1821 796 1904 quidem
827 1820 869 1883 ud
896 1817 1093 1901 peccandum
1120 1819 1269 1880 homines
1301 1836 1342 1882 ex
1369 1815 1479 1898 aliqua
1506 1820 1600 1900 parte
1627 1817 1788 1895 letaliter,
1815 1817 1877 1880 sed
1908 1820 1970 1882 hoc
1996 1825 2031 1882 ut

393 1959 540 2024 letaliter
560 1962 729 2043 patiantur
749 1957 782 2021 id
802 1957 887 2022 unde
912 1958 978 2018 nati
999 1959 1067 2018 sint
1089 1958 1325 2020 commeruisse
1346 1973 1462 2040 genus.
1505 1953 1661 2040 Singulos
1673 1933 1782 2039 ¹posse
1803 1953 1880 2018 iilos
1902 1955 2031 2037 quidem

394 2114 458 2160 sue
478 2101 513 2158 et
533 2097 662 2177 privata
684 2113 797 2158 carere
820 2093 932 2176 culpa,
954 2111 1057 2177 posse
1078 2092 1198 2157 nullum
1220 2097 1297 2156 ente
1318 2053 1526 2155 commisisse
1547 2091 1676 2170 scelus,
1706 2087 1800 2172 cujus
1829 2095 1865 2154 ut
1893 2111 2030 2175 poenam

397 2232 599 2315 persolvant,
622 2249 705 2294 noro
726 2230 856 2295 scelere
877 2230 1106 2318 obstringendi
1126 2233 1211 2311 sint,
1233 2227 1295 2296 sed
1316 2247 1358 2294 ea
1378 2226 1563 2292 conditione
1584 2231 1680 2290 natos
1700 2243 1789 2307 ease,
1811 2232 1847 2290 ut
1860 2236 2030 2310 praestare

396 2367 519 2450 culpam
546 2365 689 2430 debeant
718 2369 864 2450 generis.
914 2365 1018 2448 liujus
1056 2370 1243 2433 sententiae
1274 2373 1396 2432 testem
1430 2383 1509 2429 esse
1545 2361 1757 2446 Sophoclem,
1792 2366 1847 2446 qni
1876 2363 2030 2448 oedipum

394 2507 492 2570 iaciat
512 2503 785 2568 exardescentem
806 2504 856 2566 irs
876 2502 1038 2568 adversus
1061 2505 1232 2569 creontem
1255 2503 1350 2580 (ded.
1374 2504 1440 2566 ilol.
1462 2509 1524 2569 scu
1545 2505 1652 2586 sqq),
1682 2503 1736 2583 qui
1764 2519 1827 2566 suu
1847 2503 1912 2566 sill
1933 2502 2032 2568 male·

393 2643 469 2706 ficia
489 2639 712 2723 exprobrarit,
744 2635 785 2716 ἃς
814 2637 879 2722 ἐγώ
902 2637 1112 2727 (ξυμφορὰς)
1133 2639 1241 2718 τάλας
1261 2635 1400 2725 ἤνεγκον
1427 2635 1557 2718 άκων,
1587 2640 1700 2720 lnquit
1744 2637 1871 2714 Θεοῖς
1900 2637 1964 2722 γάρ
1992 2635 2032 2724 ἢν

396 2773 482 2844 οὕτω
505 2776 627 2864 φίλον,
658 2769 732 2859 τάχ’
761 2769 806 2843 άν
835 2801 868 2842 τι
892 2781 1071 2861 μηνίονσιν
1102 2773 1152 2854 εἰς
1179 2779 1307 2859 γένος
1336 2775 1487 2844 πάλαι·
1517 2771 1596 2842 ἐπεὶ
1624 2766 1705 2839 καθ’
1730 2767 1837 2843 odedu
1856 2768 1885 2857 γ’
1907 2769 1967 2843 orla
1988 2771 2031 2844 άν

394 2877 543 2998 ἐξεύροις
572 2907 650 2994 duni
678 2904 848 2996 ἁμαρτίας
877 2907 1010 2990 ὄνειδος
1031 2906 1153 2991 οὐδὲν,
1186 2906 1280 2980 ἄνθ’
1308 2907 1408 2980 dcun
1440 2911 1551 2996 (cujus
1584 2915 1815 2996 antegressum
1844 2915 1969 2998 culpem
1998 2923 2031 2978 ut

391 3051 533 3127 luerem)
554 3041 633 3116 τάδ’
655 3045 706 3124 εἷς
727 3043 876 3133 ἐμαυτὸν
896 3047 975 3126 τοὺς
997 3045 1099 3134 ἐμούς
1120 3043 1157 3115 θ’
1179 3043 1374 3135 ἡμάρτανον
1387 3052 1426 3125 ⁷).
1698 3011 1702 3018 ι

494 3191 534 3250 ,tt
555 3187 723 3248 enimvem
750 3203 947 3270 magnopere
969 3203 1103 3266 vereor,
1136 3185 1178 3251 ud
1204 3191 1295 3251 recte
1324 3185 1567 3272 percipiendam
1594 3191 1739 3250 naturam
1769 3178 1961 3268 ἀλάστορος
1990 3205 2030 3251 ne

395 3323 495 3388 multo
517 3323 610 3406 pinru
630 3325 845 3405 requirantur.
888 3326 1001 3406 lieqne
1021 3327 1124 3407 enim,
1154 3327 1185 3388 sl
1214 3326 1332 3407 genius
1362 3324 1447 3388 ultor
1473 3327 1505 3386 in
1534 3323 1644 3406 aliqua
1672 3329 1773 3408 gente
1798 3327 1954 3388 saeviens
1975 3343 2030 3408 pa·

394 3465 520 3524 rentum
547 3457 668 3522 delicta
696 3463 790 3542 punit
818 3461 1051 3544 compellendis
1078 3459 1119 3523 ad
1147 3460 1347 3542 peccandum
1376 3462 1474 3539 tiliis,
1509 3459 1704 3546 intelligitur
1724 3479 1836 3524 corum
1857 3463 2030 3542 mentibus,

394 3598 424 3660 si
445 3613 546 3678 purae
567 3599 643 3658 snut
672 3601 892 3679 expertesque
920 3601 1013 3681 ipsse
1040 3597 1191 3676 sceleris,
1220 3597 1485 3682 quemadmodum
1515 3601 1580 3662 vim
1601 3599 1714 3664 iacere
1735 3617 1912 3682 eurumque
1942 3603 2028 3662 inno·

395 3737 532 3797 centiam
563 3736 674 3817 possit
701 3751 909 3818 expugnare,
937 3733 1022 3816 quud
1048 3737 1154 3818 ipsum
1183 3739 1284 3798 totam
1313 3733 1396 3796 itanc
1425 3738 1651 3816 quaestionem
1681 3740 1836 3801 continet
1888 3737 1966 3798 lium
2001 3739 2030 3799 si

395 3873 468 3953 quis
489 3869 625 3948 diceret,
647 3873 748 3933 totam
770 3875 902 3954 gentem
924 3875 958 3934 et
974 3871 1129 3955 quidquid
1151 3871 1228 3935 inde
1249 3877 1358 3934 natum
1379 3879 1432 3936 est
1452 3872 1607 3936 iniectum
1629 3891 1709 3938 esse
1732 3874 1860 3938 scelere
1883 3877 1917 3934 et
1938 3875 2031 3934 vitio-

392 4025 463 4070 rum
485 4008 612 4070 semlnu
632 4025 653 4068 a
673 4008 863 4088 parentibus
885 4005 926 4070 ad
946 4007 1070 4071 liberos
1097 4025 1176 4072 esse
1199 4009 1273 4090 ipsa
1294 4012 1508 4094 generatione
1530 4017 1726 4095 propagate,
1756 4013 1786 4073 is
1810 4011 1866 4072 vix
1888 4007 1952 4072 dici
1975 4029 2031 4094 po-

392 4149 460 4208 test
481 4147 682 4226 quantopere
704 4143 872 4206 oberraret
892 4162 913 4207 a
932 4152 1051 4228 poetae
1073 4152 1200 4223 mente,
1222 4147 1277 4228 qui
1298 4163 1404 4228 neque
1426 4149 1715 4230 Agamemnonem,
1738 4149 1912 4228 antequam
1933 4147 2030 4228 {pilam

391 4279 590 4360 immolaret,
615 4297 720 4362 neque
743 4280 1049 4362 Clytaemnestram,
1079 4288 1253 4365 antequam
1274 4286 1382 4346 mariti
1403 4282 1537 4347 cnedem
1559 4287 1719 4368 agitaret,
1742 4300 1849 4366 neque
1872 4283 2030 4364 Orestem,

390 4423 564 4500 autequam
584 4423 722 4480 matrem
749 4416 931 4496 occideret,
963 4417 1031 4482 ulia
1056 4417 1258 4502 turpitudine
1288 4425 1344 4484 aut
1374 4423 1548 4503 praecipua
1575 4419 1713 4501 quadem
1743 4423 1923 4486 vitiositate
1951 4421 2031 4484 iecit

391 4557 551 4639 insignes.
574 4555 622 4618 Ne
636 4554 808 4639 Sophoclis
823 4556 952 4640 qnidam
968 4555 1025 4620 ille
1044 4575 1140 4640 quem
1162 4557 1256 4622 modo
1279 4555 1446 4622 attulimus
1463 4562 1554 4620 recte
1571 4559 1810 4642 comparabitur
1823 4555 1934 4640 iocns3
1958 4577 2030 4622 nam

390 4691 553 4774 oedipus,
582 4693 784 4774 quinniens
804 4699 920 4775 peccat
940 4699 975 4758 et
996 4697 1153 4779 ignorans
1175 4694 1252 4780 quid
1274 4696 1390 4777 iaciat,
1419 4693 1519 4758 lubet
1539 4697 1668 4778 utique,
1697 4712 1755 4758 cnr
1782 4698 1855 4758 suis
1877 4697 1909 4758 ln
1931 4694 2029 4759 iactis

389 4827 543 4894 intestam
565 4831 657 4912 genti
678 4832 742 4892 vim
765 4835 929 4894 venetam
952 4848 1031 4894 osse
1054 4833 1194 4894 numinis
1216 4832 1345 4912 credatq
1368 4835 1576 4915 Agamemno,
1601 4831 1870 4913 clynsnnestm,
1895 4832 2031 4896 Orestes

389 4985 486 5048 quum
507 4986 589 5032 suos
611 4965 791 5049 trucident,
821 4969 967 5030 scientes
996 4967 1209 5050 volentesque
1238 4969 1437 5053 medecina
1459 4968 1591 5036 scelera
1611 4971 1812 5052 susciptum,
1842 4987 1903 5032 nec
1931 4969 2031 5032 adse
