4808 5706
1176 675 1251 764 ¹·

399 921 496 986 violet
516 922 761 984 sanctissimum
779 914 835 1000 jus
859 935 897 978 oc
920 913 1031 976 scelos
1054 909 1306 974 scelere-tollat.
1338 912 1409 975 Jom
1432 909 1505 974 iude
1528 929 1686 994 quaerum
1706 917 1778 974 ortu
1799 929 1908 976 rerum
1928 914 2032 978 iceles

395 1058 472 1124 est?
515 1059 668 1120 Peccavit
690 1056 827 1139 aliquis,
854 1053 884 1115 h.
909 1071 956 1127 e,
987 1055 1021 1112 ιιι
1047 1066 1147 1132 supra
1169 1046 1326 1127 vidimus,
1359 1065 1416 1129 pro
1450 1045 1559 1111 dirius
1589 1067 1628 1112 sc
1654 1045 1782 1132 publicu
1808 1047 1905 1132 lege,
1938 1055 2033 1134 qussi

395 1213 501 1258 sorus
524 1195 597 1276 ipse
615 1187 703 1274 juris
725 1189 890 1268 conditor,
912 1204 1003 1249 suum
1027 1203 1065 1246 oc
1088 1185 1246 1266 privatam
1267 1182 1464 1246 voluutsteru
1486 1185 1664 1248 substituit
1709 1185 1797 1248 lleec
1821 1190 1930 1250 sutem
1960 1205 2034 1272 spo·

396 1335 491 1396 lictio
520 1330 649 1394 divinoe
682 1328 867 1408 mejestotis
898 1343 939 1386 ex
967 1321 1024 1383 illo
1054 1316 1150 1400 eujus
1182 1319 1311 1402 Jupiter
1339 1321 1411 1401 ipse
1440 1327 1554 1384 custos
1581 1326 1634 1384 cst
1661 1321 1801 1385 iormulu
1825 1321 1951 1408 tlogltet
1979 1342 2033 1387 ex-

401 1463 760 1552 poscitquc·vludlcem.
805 1464 864 1536 Qui
887 1460 961 1523 dum
985 1457 1159 1520 vindictum
1182 1460 1374 1538 exsequitur
1397 1459 1467 1533 sic,
1489 1461 1523 1518 ut
1544 1457 1575 1518 lu
1598 1456 1778 1521 sanciendo
1799 1457 1906 1542 ulique
1926 1458 2035 1522 divino

401 1606 475 1690 lege
496 1604 665 1667 subvertet
697 1599 847 1682 ejusdem
877 1597 1063 1660 sanctitutis
1085 1592 1193 1675 legem
1216 1591 1330 1672 olium,
1357 1601 1423 1658 ium
1453 1613 1634 1674 veronen,
1664 1594 1750 1679 quod
1781 1613 1840 1680 pur
1861 1601 1932 1658 erut
1952 1597 2034 1674 lieri,

398 1749 566 1828 peccatum
588 1746 681 1801 recte
705 1738 811 1814 iectu,
835 1734 951 1798 mulum
974 1753 1035 1794 uon
1057 1734 1142 1795 bono
1163 1730 1290 1794 tollitur
1303 1729 1352 1810 ⁹),
1384 1732 1443 1796 scd
1466 1734 1506 1797 oli
1529 1753 1569 1796 co
1591 1731 1676 1816 quod
1696 1736 1772 1794 oute
1792 1739 1961 1814 peccatum
1984 1740 2036 1794 est
2090 1701 2093 1706 Ι

398 1895 573 1962 emergere
610 1871 768 1954 quaedam
797 1871 924 1935 ridetur
952 1873 1100 1934 invitatio
1134 1867 1249 1932 eodem
1271 1871 1388 1930 iterum
1418 1871 1565 1954 exemplo
1594 1869 1766 1954 peccandi,
1796 1885 1880 1952 quse
1907 1869 2036 1952 quidem

400 2033 462 2076 uec
478 2011 641 2075 vindicem
658 2009 744 2072 illum
762 2007 885 2070 arbitrii
905 2007 1057 2070 libertate
1072 2006 1175 2087 privat
1193 2002 1379 2085 violentius,
1401 2024 1494 2089 quum
1509 2005 1646 2090 quilibet
1660 2008 1886 2073 illecebrarum
1906 2007 2036 2072 clluude

402 2149 573 2212 venientes
595 2146 734 2223 stimuli,
756 2148 821 2208 imo
843 2146 895 2206 sui
917 2149 1082 2227 potentem
1103 2144 1211 2224 etqui
1234 2141 1312 2204 loeti
1334 2160 1411 2205 reus
1433 2150 1551 2228 agutur
1572 2143 1722 2208 ldoueom
1743 2161 1822 2208 esse
1844 2147 1979 2229 petitur,
2002 2148 2037 2208 et

400 2291 509 2372 potest
534 2291 641 2346 tumen
674 2285 706 2344 iu
736 2281 858 2345 ultione
888 2283 1055 2344 commissi
1094 2276 1235 2341 sceleris
1268 2281 1448 2342 existimari
1477 2277 1628 2361 adjutrix.
1680 2285 1783 2365 Atque
1812 2281 1869 2345 illu
1895 2284 1967 2366 ipsu
1995 2282 2035 2344 sb

400 2423 508 2504 sliquo
531 2419 690 2484 moleticio
711 2417 879 2481 exundans
901 2437 962 2480 noo
986 2419 1059 2481 siue
1076 2415 1152 2496 jure
1173 2413 1330 2498 peccandi
1358 2418 1409 2478 vis
1431 2421 1465 2479 et
1486 2419 1634 2480 invitatio
1665 2420 1697 2479 le
1727 2416 1801 2498 ejus
1822 2435 1917 2500 quem
1940 2435 2037 2502 quee-

403 2560 506 2619 rimus
527 2547 718 2638 ἀλάστορος
739 2559 870 2619 numine
902 2559 1096 2618 consecrato
1126 2557 1196 2631 est,
1226 2550 1320 2634 cujus
1349 2555 1537 2616 instinctum
1566 2557 1713 2617 vocoutls
1735 2557 1790 2636 qul
1811 2559 1974 2638 sequitur,
2005 2555 2038 2620 e's

400 2693 488 2776 jose
509 2715 545 2756 ee
568 2689 708 2755 delirae
731 2692 884 2757 talionis
905 2705 1043 2773 ermol,
1066 2704 1106 2754 ιιι
1128 2691 1168 2754 ιἰι
1189 2689 1269 2772 ejus
1291 2689 1475 2772 injurios,
1506 2711 1609 2776 praem
1626 2711 1747 2778 poeno
1767 2691 1848 2757 cute
1868 2691 2038 2777 officere,

404 2830 589 2896 consimile
623 2851 739 2918 geum
770 2830 942 2894 ιἰιοωννολ
969 2827 1056 2904 iore.
1101 2831 1147 2892 cl.
1181 2833 1239 2915 Ag.
1269 2834 1346 2896 758:
1383 2851 1422 2894 το
1450 2826 1515 2913 γὰρ
1543 2829 1709 2911 δυσσεβὲς
1736 2825 1839 2914 ἔργον
1863 2828 1949 2914 μετὰ
1976 2833 2039 2914 μὲν

403 2966 548 3034 πλείονα
569 2970 696 3042 τίκτει,
726 2970 878 3055 σφετέρᾳ
913 2960 945 3032 d'
967 2964 1082 3033 εἰκότα
1103 2967 1218 3053 γέννᾳ·
1250 2969 1327 3030 ies:
1360 2927 1456 3052 φιλεῖ
1483 2965 1522 3030 dd
1542 2971 1666 3034 τίκτειν
1693 2961 1792 3051 όβρις
1815 2965 1879 3050 μὲν
1903 2965 2037 3032 παλαιὰ

405 3101 595 3180 ντόζονσαν
615 3097 655 3167 ἐν
676 3109 789 3178 κανοῖς
809 3107 939 3188 βροτῶν
955 3102 997 3176 ¹⁰)
1018 3100 1116 3186 άβριν
1136 3141 1178 3154 -
1199 3099 1381 3185 εἰόομέναν
1401 3107 1566 3172 τοκεῦσιν.
1607 3106 1680 3169 Jaur
1709 3109 1822 3168 ductor
1843 3103 1898 3168 ille
1925 3107 2038 3168 lustin-

404 3246 540 3322 olorque
563 3241 736 3323 peccandi,
759 3245 812 3325 qul
834 3234 1155 3323 (11ο11ιιτάλάστωρ,
1177 3242 1207 3302 sl
1235 3247 1454 3324 perpetuitate
1476 3244 1612 3326 quodem
1635 3243 1796 3306 scelerum
1818 3240 1954 3304 eliorum
1974 3240 2041 3305 ullu

401 3381 645 3458 provocantium
672 3377 869 3461 perplures
899 3379 1052 3440 aetatium
1080 3379 1315 3440 successiones
1336 3379 1535 3461 traducitur,
1567 3379 1698 3463 δαίμων
1729 3384 1783 3442 est
1809 3379 1930 3458 γέννας
1962 3383 2036 3462 (Ag.

403 3517 496 3588 1177)
519 3520 553 3576 et
574 3514 614 3577 ud
636 3513 774 3598 quodvis
796 3509 911 3576 uorum
933 3512 1184 3597 perpetrandum
1206 3514 1332 3577 lucinus
1354 3513 1534 3598 πατρόθεν
1555 3514 1755 3602 συλλήπτωρ
1778 3514 1837 3588 (11).
1864 3518 1967 3592 15118).

501 3652 566 3716 Sed
590 3669 723 3733 querum
746 3669 854 3712 rerum
875 3649 979 3714 adhuc
1001 3670 1106 3736 genus
1128 3655 1317 3716 uuiversum
1339 3653 1570 3733 cognovimus,
1599 3671 1658 3716 eos
1681 3656 1714 3714 iu
1736 3654 1866 3716 Orestis
1884 3653 2039 3731 persequi

207 3793 212 3800 “
316 3816 321 3827 ·
403 3789 479 3851 11οτι
502 3792 604 3852 certis
626 3791 658 3851 io
679 3789 833 3870 personis
856 3794 890 3850 et
911 3789 1084 3850 eventibus
1104 3785 1240 3852 locutus.
1284 3789 1442 3854 Alemorut
1468 3787 1649 3870 Aeschylus
1676 3791 1811 3875 generis
1838 3781 2039 3868 πρώταρχον

403 3917 505 4006 άιρν,
540 3926 717 4007 Adropom,
755 3943 888 3987 uxorem
920 3926 1024 4001 Atrei,
1058 3944 1078 3987 s
1110 3926 1254 4008 Thyeste
1290 3924 1522 4005 adulteratum,
1551 3929 1609 4011 Ag.
1645 3931 1743 4006 11923
1778 3925 1817 3987 cl.
1851 3926 1968 4011 luttpp.
1999 3924 2041 3988 od

403 4061 501 4144 Soph.
532 4058 579 4144 Aj.
612 4065 698 4124 litii.
753 4059 859 4145 Atque
888 4063 928 4126 sb
957 4061 1139 4147 ilicesque
1170 4071 1317 4146 tempore
1345 4066 1377 4127 1ο
1400 4065 1582 4129 Atridarum
1609 4069 1708 4148 geute
1737 4079 1841 4127 scere
1868 4067 1920 4128 rls
1945 4081 2040 4148 gros·

401 4205 494 4262 estur
520 4190 722 4283 άλόστορος.
774 4201 854 4262 Nem
882 4201 994 4262 fratris
1027 4200 1185 4284 dugttium
1215 4201 1302 4265 ultus
1330 4208 1384 4264 est
1406 4206 1526 4266 Atreus
1553 4199 1653 4264 multo
1682 4199 1880 4268 scelestiore
1911 4197 2049 4281 piaculo*

401 4333 603 4418 iniooduruur
632 4334 817 4436 epulorum,
850 4353 983 4419 quorum
1013 4337 1089 4417 quio
1117 4335 1346 4421 vulgetisslma
1380 4339 1521 4402 foeditus
1548 4343 1638 4417 erut,
1674 4355 1737 4400 uon
1773 4339 1887 4400 mirum
1917 4339 1972 4397 est
1998 4335 2039 4400 ub

402 4469 563 4551 Aeschylo
600 4471 762 4536 scelerum
800 4477 1050 4536 consecutorum
1080 4476 1202 4537 scriem
1232 4493 1295 4536 uon
1332 4473 1373 4537 sd
1395 4471 1604 4552 adulterium,
1645 4472 1706 4538 sed
1735 4471 1777 4536 sd
1806 4469 1884 4534 illud
1904 4473 2037 4554 potissi·

403 4623 486 4668 mum
509 4605 636 4668 iultiom
658 4607 794 4687 relerrl3
816 4610 873 4692 Ag.
901 4615 995 4674 1511:
1024 4605 1107 4678 όποι
1135 4609 1173 4677 δὲ
1202 4613 1258 4675 ται
1279 4589 1477 4695 προβαίνων
1498 4600 1674 4693 (άλάστωρ
1694 4611 1767 4672 slve
1787 4605 1893 4690 μέλας
1906 4599 2039 4688 'linei

403 4740 523 4830 πάχνᾳ
545 4739 739 4832 κουροβόρῳ
761 4744 903 4826 παρέξει
924 4739 1102 4825 (ἑαυτόν),
1131 4765 1301 4831 quousque
1322 4763 1562 4832 progressurus
1584 4751 1655 4826 est,
1683 4762 1816 4830 semper
1837 4759 2041 4808 comesurum

408 4878 574 4944 deserviet
604 4883 711 4943 cruori
740 4898 928 4965 puerorum3
969 4883 1009 4946 ci.
1035 4889 1112 4950 lollii
1134 4903 1223 4968 sqq,
1252 4884 1307 4948 Gir.
1334 4885 1413 4948 1068
1441 4901 1529 4966 sqq..
1574 4883 1641 4948 Sed
1667 4885 1764 4948 Atreo
1791 4883 1948 4965 impunito
1981 4879 2043 4944 suit

1597 5002 1642 5066 8*
