4808 5706
1192 737 1269 827 25

410 979 546 1062 contigit
568 977 673 1039 almae
696 978 828 1036 nostrae
854 973 1041 1038 luderico·
1054 973 1300 1053 alexandrinae,
1322 977 1357 1034 ut
1378 971 1500 1034 docens
1521 971 1650 1038 diuinae
1672 975 1893 1059 humanaeque
1915 981 2045 1061 sapien·

407 1119 473 1179 tiae
497 1112 617 1178 studiis
639 1118 736 1194 atque
758 1109 890 1194 allega
913 1111 1092 1196 eodemque
1113 1111 1253 1172 lleciore
1276 1127 1336 1170 suro
1358 1107 1456 1168 etiam
1479 1105 1603 1189 majora
1623 1127 1760 1192 sperare
1783 1109 1882 1194 jussa
1909 1116 2046 1195 primum

407 1255 485 1336 post
505 1249 785 1330 inaugurationem
808 1247 975 1310 saeculum
1000 1267 1083 1310 nunc
1105 1249 1210 1329 ipsum
1232 1249 1266 1308 et
1287 1242 1405 1308 corrdat
1426 1241 1634 1323 felicissime,
1657 1251 1690 1308 et
1712 1252 1834 1310 tantm
1855 1249 2045 1314 felicitatem

409 1386 576 1471 propalam
599 1382 804 1447 declaratura
826 1388 920 1466 paret
942 1401 1038 1446 sacra
1061 1383 1254 1447 saecularia.
1297 1381 1435 1456 Quorum
1464 1378 1504 1442 sd
1533 1378 1740 1462 splendorem
1763 1401 1802 1446 ac
1823 1385 2047 1450 celebritatem

410 1539 577 1586 sacrorum
599 1538 639 1583 ne
661 1519 738 1602 quid
760 1521 882 1603 requiri
905 1523 1013 1600 possit
1034 1539 1129 1602 quum
1150 1519 1276 1602 pridem
1286 1510 1464 1600 'pravium
1496 1517 1540 1577 sit
1561 1519 1664 1602 Regis
1693 1524 1795 1582 nostri
1823 1525 2047 1604 augustissimi

333 1716 334 1720 ,
411 1657 601 1734 clementia,
631 1661 665 1718 ut
687 1654 760 1734 illa,
781 1673 865 1738 quae
888 1655 949 1718 hac
970 1655 1002 1716 iu
1024 1655 1105 1717 urbe
1127 1655 1309 1738 aequalium
1331 1669 1425 1714 nemo
1447 1651 1545 1731 vidit,
1568 1671 1661 1718 nemo
1688 1657 1805 1717 iterum
1828 1659 1959 1720 uisurus
1985 1665 2048 1735 est,

409 1791 530 1854 obeant
549 1789 718 1854 nobiscum
745 1789 905 1871 solennia,
935 1793 1112 1874 Augusti
1137 1792 1293 1853 meursis
1316 1787 1464 1850 diebus
1492 1788 1646 1870 tribus,
1678 1793 2048 1876 vicesimotertio,

409 1933 572 2010 «quarto,
594 1928 737 2009 quinto
760 1925 1030 2006 celebranda,
1061 1945 1175 1990 ιιιιιιιιι
1196 1929 1228 1988 in
1252 1925 1426 1988 Germania
1446 1923 1613 1988 literarum
1642 1929 1895 2008 universitates,
1924 1949 2048 2006 «inanes,

411 2065 466 2147 qui
487 2061 607 2126 studiis
629 2062 713 2146 apud
735 2082 794 2126 nos
816 2062 892 2126 olim
907 2081 1039 2146 operam
1059 2062 1229 2140 dederuut,
1251 2079 1365 2123 omnes
1382 2058 1533 2142 denique,
1554 2062 1609 2141 qni
1625 2061 1733 2126 literis
1749 2065 1912 2147 rebusque
1927 2069 2050 2128 nostris

411 2204 532 2280 lavent,
549 2199 792 2264 officiosissime
807 2205 841 2264 et
852 2200 1086 2264 humanissime
1105 2202 1280 2262 invitamus
1299 2204 1396 2280 atque
1410 2201 1446 2260 ut
1461 2199 1493 2258 in
1509 2204 1633 2282 partem
1645 2198 1792 2263 laetitiae
1806 2202 2050 2286 gratulationis·

411 2355 474 2420 que
488 2342 620 2400 nostrae
636 2339 770 2399 ueniant
791 2339 1004 2402 vehementer
1018 2341 1177 2418 optamus.
1213 2339 1256 2398 hc
1273 2313 1362 2396 tanto
1386 2331 1489 2412 major
1510 2335 1604 2396 nobis
1626 2337 1818 2418 impetrandi
1842 2341 1909 2400 voti
1932 2338 2049 2402 fiducia

411 2476 475 2550 est,
491 2489 554 2554 quo
570 2475 692 2534 certius
715 2473 878 2538 credimus
900 2491 1094 2558 persuasam
1116 2474 1247 2556 ponitus
1268 2489 1346 2534 esse
1369 2471 1535 2534 literarum
1556 2473 1827 2537 universitatibus
1845 2476 2050 2550 Germaniae,

411 2623 526 2668 omues
541 2627 605 2669 uuo
620 2627 659 2672 se
676 2608 843 2674 doctrinae
861 2611 1044 2693 salutisque
1061 2607 1190 2673 vinculo
1207 2609 1368 2670 contineri
1385 2625 1489 2691 neque
1501 2625 1580 2672 suas
1593 2609 1709 2689 cuique
1729 2625 1749 2670 a
1765 2612 1948 2674 ceterarum
1966 2609 2050 2674 utill-

410 2745 532 2808 tatibus
554 2761 632 2808 esse
655 2743 891 2831 sejungentes,
913 2766 975 2848 quo
997 2747 1191 2810 tortunatlor
1213 2747 1310 2808 etiam
1332 2745 1373 2806 ab
1395 2746 1649 2826 omnitempore
1672 2747 1791 2809 ciuium
1812 2746 1889 2810 olim
1917 2765 2049 2810 suorum

283 2921 292 2930 ·
412 2887 446 2944 et
466 2884 603 2946 caritate
624 2889 658 2948 et
679 2885 802 2966 pietate
826 2890 898 2946 erat
920 2882 1345 2956 Friderlco-hlexandrins,
1376 2900 1438 2964 quo
1469 2879 1609 2964 denique
1632 2879 1771 2946 laetiore
1799 2901 1860 2966 spe
1882 2901 2049 2946 sermone-

411 3035 474 3100 que
499 3015 569 3100 jam
601 3017 723 3099 aliquot
743 3019 862 3082 abhinc
892 3018 1008 3082 lustris
1030 3021 1213 3085 solennium
1242 3019 1432 3104 propediem
1463 3019 1652 3082 instantium
1682 3021 1848 3086 celebrata
1877 3024 1963 3084 iuter
1991 3039 2051 3083 nos

411 3156 615 3238 exspectatio
635 3159 698 3216 est.
742 3154 882 3219 Proinde
904 3158 1011 3240 agite,
1035 3158 1298 3242 congregamini,
1321 3157 1503 3240 quicunque
1523 3157 1576 3222 vei
1598 3158 1713 3222 eadem
1736 3159 1905 3222 nobiscum
1927 3157 2051 3220 studiu-

410 3308 481 3353 rum
503 3305 601 3352 sacra
620 3289 778 3356 docentes
800 3292 919 3370 colitis,
943 3292 994 3356 vei
1016 3292 1163 3370 eandem,
1184 3311 1280 3376 quam
1304 3311 1365 3356 nos
1384 3298 1547 3374 tenemus,
1568 3295 1734 3358 liussrum
1750 3292 1864 3358 sedem
1879 3292 2048 3358 discentes

410 3423 488 3488 olim
518 3423 697 3508 colebatis,
728 3435 763 3493 et
789 3431 1003 3512 gratissimae
1031 3431 1164 3492 nostras
1193 3429 1229 3490 ln
1263 3430 1364 3492 ileum
1395 3432 1528 3513 pietatis
1559 3437 1593 3494 et
1621 3430 1876 3495 honestissimae
1905 3431 2052 3496 laetitiae

412 3565 512 3627 iuturl
543 3565 722 3646 participes
751 3563 839 3628 uuila
877 3583 938 3626 non
969 3565 1216 3641 observantiae,
1252 3566 1432 3646 amicitiae,
1471 3565 1682 3631 humanitatis
1713 3567 1822 3632 olhcia
1855 3571 2002 3632 vicissim
2031 3561 2050 3631 a

414 3697 508 3762 nobis
529 3705 733 3782 exspectate.
