4808 5706
382 969 503 1058 ἀραῖον
525 967 664 1052 ἐκβάλοι
687 962 817 1047 δόμοις
839 959 1035 1044 κεκόλληται
1055 958 1152 1040 γένος
1172 957 1227 1037 (τὸ
1249 953 1385 1042 ἑαυτῆς)
1417 959 1597 1044 spurcitiae
1628 961 1787 1045 (δόμοις).
1832 964 1910 1026 Nam
1932 963 2016 1046 quod

382 1089 645 1192 Clytaemnestra
665 1103 730 1166 sibi
753 1099 882 1164 videtur
902 1099 1036 1162 allicere
1064 1114 1182 1177 posse,
1211 1105 1247 1158 ut
1272 1099 1423 1179 pactione
1457 1116 1528 1160 cum
1556 1098 1704 1162 Alastorc
1741 1100 1830 1162 facta
1863 1098 2015 1162 talionem

378 1245 518 1308 redimat
542 1243 764 1326 praesentium
786 1235 943 1298 malorum
970 1235 1128 1314 patientia
1150 1239 1221 1310 aut,
1253 1233 1382 1316 siquid
1413 1235 1458 1296 ita
1477 1234 1590 1315 profici
1613 1237 1736 1317 possit,
1760 1233 1892 1316 jactura
1918 1238 2018 1298 bono-

380 1401 449 1444 rum
473 1379 739 1457 (lodi-liiii),
769 1391 810 1435 ea
838 1388 916 1434 vero
947 1372 1054 1431 inanis
1075 1372 1184 1451 opinio
1208 1378 1279 1446 est,
1312 1371 1342 1432 si
1371 1369 1465 1431 modo
1494 1388 1572 1433 vera
1597 1370 1726 1434 locutus
1757 1381 1809 1435 est
1840 1374 1964 1435 Chorus
1987 1394 2015 1434 r.

382 1521 461 1581 1008
482 1533 568 1597 sqq..
612 1512 679 1574 lmo
700 1510 967 1593 praeclarissimo
990 1512 1088 1589 poeta
1109 1505 1248 1568 artificio
1273 1505 1328 1569 vel
1351 1509 1457 1588 ipsam
1479 1508 1557 1570 iacit
1578 1507 1817 1587 elaborantem,
1847 1516 1882 1570 ut
1903 1527 2016 1591 supre-

381 1671 461 1716 mum
485 1649 660 1714 discrimen
684 1664 810 1722 rerum,
832 1645 917 1729 qnod
940 1645 1036 1705 Chori
1059 1649 1092 1703 et
1115 1645 1264 1726 Aegisthi
1285 1643 1407 1727 gladiis
1434 1649 1625 1728 occupatum
1652 1643 1771 1706 nnllam
1800 1652 1894 1709 essct
1916 1652 2016 1708 matu·

379 1790 507 1850 ritatem
537 1785 737 1859 habiturum,
773 1784 991 1844 committatur
1020 1797 1058 1842 ac
1097 1785 1289 1842 reservetur
1316 1771 1492 1863 ἀλάστορι.
1550 1782 1596 1844 llo
1626 1788 1743 1864 poetae
1772 1783 1925 1860 consilio,
1963 1784 2015 1844 ubi

379 1929 465 1986 inter
494 1923 635 1984 Chorum
670 1923 704 1979 et
732 1918 922 1999 Aegisthum
959 1913 999 1977 ad
1031 1913 1160 1999 gladios
1193 1921 1323 1978 ventum
1357 1920 1426 1992 est,
1461 1919 1699 1980 intercessione
1735 1917 2014 1999 Clytaemestrae

380 2065 545 2120 conamen
566 2056 733 2118 dirimitur.

481 2195 632 2254 liimirum
659 2189 918 2270 Clytaemnestra
948 2207 1044 2270 quum
1073 2192 1103 2251 in
1133 2190 1294 2272 puniendo
1332 2191 1446 2252 marito
1475 2193 1582 2252 sanxit
1613 2189 1759 2253 naturale
1788 2193 1921 2272 pietatis
1946 2163 2013 2269 jusy

381 2329 476 2390 civile
497 2327 659 2390 subvertit
680 2333 715 2388 et
735 2328 871 2410 regium.
916 2325 1006 2388 llnde
1028 2313 1133 2389 denno
1155 2344 1272 2388 numen
1295 2327 1416 2390 Ultoris
1438 2325 1623 2390 lacessitur.
1667 2328 1759 2390 Juris
1792 2327 1877 2389 enim
1907 2324 2013 2386 civilis

378 2473 566 2547 repertores
589 2463 752 2544 iidemque
776 2463 932 2525 custodes
954 2463 1023 2540 liii,
1053 2462 1181 2544 Jupiter
1203 2466 1237 2524 ct
1257 2463 1313 2542 qni
1329 2459 1429 2542 jussa
1457 2467 1561 2545 patris
1592 2465 1783 2546 exsequitur
1811 2459 1922 2546 Apollo
1952 2465 2009 2534 (ol.

379 2602 468 2663 lium
491 2605 552 2664 oto
573 2605 677 2682 squ),
700 2600 785 2660 omni
809 2617 986 2682 poenarum
1007 2604 1134 2660 terrore
1156 2597 1324 2660 stimulant
1346 2599 1511 2676 Orestem,
1542 2605 1576 2661 ut
1604 2603 1753 2661 materna
1778 2597 1880 2668 caede
1901 2617 2015 2683 regern

250 2725 258 2738 ’
380 2747 412 2801 ct
440 2744 564 2822 patrem
592 2736 778 2800 ulciscatur.
832 2734 921 2811 Quod
952 2733 1027 2796 dum
1055 2735 1134 2797 lacit
1162 2735 1315 2816 Crestcs,
1350 2734 1423 2798 dum
1455 2753 1493 2798 se
1521 2736 1627 2810 libero
1650 2733 1777 2816 judicio
1807 2735 1848 2806 ad
1874 2738 2016 2799 Deorum

381 2848 577 2938 voluntatem
608 2872 847 2954 accommodat,
874 2873 946 2936 ficri
975 2890 1038 2933 noa
1067 2876 1195 2954 potest,
1232 2877 1307 2955 quin
1337 2873 1421 2956 qnod
1451 2879 1563 2935 contra
1590 2877 1725 2935 matrem
1754 2876 1932 2952 expromsit
1955 2872 2013 2952 jus

378 3010 528 3091 talionis,
551 3010 646 3074 idad
669 3014 774 3094 ipsum
796 3008 956 3073 redundet
977 3012 1011 3070 et
1027 3005 1115 3086 juris
1138 3007 1295 3071 naturalis
1318 3010 1456 3074 violator
1476 3007 1628 3071 induatur
1648 3011 1681 3070 in
1702 3025 1826 3092 pocnm
1850 3011 2012 3071 numinum

377 3151 510 3230 pietatis
537 3145 708 3210 ultricium.
760 3146 846 3218 Coae
880 3163 976 3226 quum
1005 3162 1067 3204 non
1098 3161 1156 3224 per
1182 3145 1351 3209 mortalem
1380 3146 1522 3229 aliquem
1550 3143 1612 3207 sed
1638 3149 1730 3227 ipsae
1759 3163 1896 3228 poenam
1918 3163 2013 3208 erce-

327 3289 331 3298 '
378 3293 528 3368 quantur,
552 3302 592 3347 ne
615 3287 657 3346 iis
678 3283 806 3366 quidem
828 3282 907 3343 licet
928 3283 1046 3343 otiosis
1069 3282 1370 3366 easa‘numinibus,
1394 3301 1476 3366 quae
1497 3283 1564 3346 lilio
1587 3289 1754 3346 maternae
1776 3281 1888 3346 caedis
1911 3285 2013 3346 exsti·

376 3429 485 3483 terunt
505 3426 667 3485 auctores.
712 3418 791 3493 Cuid
813 3417 888 3478 inde
910 3418 1101 3478 necessario
1123 3415 1297 3498 sequitur?
1340 3420 1425 3500 linc,
1447 3423 1576 3504 opinor,
1600 3425 1635 3481 ut
1656 3437 1739 3502 qnae
1760 3429 1906 3502 puguant
1928 3427 2012 3486 inter

377 3575 415 3618 se
432 3555 525 3638 jura,
548 3556 645 3618 civile
668 3554 797 3637 quidem
820 3559 854 3616 et
876 3552 1041 3632 naturale,
1065 3555 1096 3614 in
1120 3573 1254 3636 quorum
1277 3560 1484 3620 contentione
1506 3557 1615 3638 posita
1635 3555 1765 3619 fabulae
1788 3575 1865 3620 vere
1884 3563 2012 3643 tragica

377 3697 520 3772 visent,
543 3694 758 3773 tamquamio
783 3707 900 3768 corpus
930 3691 1061 3751 veniant
1081 3689 1222 3774 fiantque
1250 3696 1323 3758 visu
1351 3694 1534 3758 manifesta
1578 3693 1651 3756 Jam
1680 3693 1751 3756 lieri
1772 3701 1897 3776 potest,
1928 3695 2013 3777 qnod

376 3829 416 3892 ad
439 3845 596 3891 summam
616 3844 684 3890 rem
707 3833 902 3891 momentum
924 3828 1042 3909 iugens
1064 3827 1158 3908 lacit,
1186 3834 1222 3892 ut
1249 3829 1361 3894 induta
1383 3833 1522 3895 Deorum
1551 3834 1704 3912 personis
1729 3831 1806 3912 jura
1833 3834 2011 3912 pugnantia

377 3966 576 4030 deducantur
610 3967 639 4026 in
664 3963 823 4044 judicium
850 3971 884 4028 et
911 3966 943 4026 in
973 3962 1138 4027 lonensem
1167 3964 1439 4052 disceptationem
1469 3974 1635 4031 vocentur.
1685 3969 1736 4029 iiit
1763 3967 1825 4028 iroc
1846 3965 2013 4032 liinervae

377 4102 513 4166 consilio
540 4108 573 4164 et
600 4119 671 4163 cunr
700 4117 825 4162 summo
860 4118 955 4181 quum
984 4101 1192 4164 Atheniensis
1226 4106 1387 4182 ciuitatis⁷
1417 4111 1483 4166 tum
1513 4105 1671 4185 imprimis
1693 4106 1855 4188 Areopagi
1878 4077 2009 4168 honore:

376 4238 442 4302 Sed
464 4241 524 4304 hoc
547 4247 580 4304 et
601 4241 684 4302 satis
708 4236 902 4320 explicatum
923 4238 964 4300 ab
985 4236 1060 4300 allis
1083 4245 1117 4301 et
1139 4238 1279 4302 alienum
1301 4246 1355 4302 cst
1375 4259 1395 4302 a
1417 4247 1530 4303 nostra
1558 4241 1761 4321 quaestione.
1804 4238 1908 4322 liujus
1940 4261 2012 4324 pro-

376 4379 480 4458 prium
502 4385 570 4457 est,
592 4377 676 4461 quod
698 4369 912 4458 ἀλάστορος,
941 4393 1078 4456 quocum
1106 4377 1303 4459 paciscendo
1335 4381 1521 4462 transigere
1544 4375 1804 4458 Clytaemnestra
1835 4377 1936 4439 voluit
1958 4377 2014 4439 iiia

376 4511 503 4595 quidem
527 4511 588 4576 sed
610 4533 672 4576 non
693 4513 815 4596 potuit,
849 4509 905 4573 illo
940 4531 1002 4574 uuo
1031 4515 1125 4614 modo
1151 4522 1262 4600 potest
1290 4517 1441 4598 superari
1471 4517 1522 4578 ris
1552 4519 1649 4596 atque
1676 4513 1792 4596 inungi.
1838 4513 1906 4574 lico
1927 4516 2013 4576 enim

378 4651 597 4733 exstinguitur
629 4642 789 4730 ἀλάστωρ
820 4653 1011 4730 propterca,
1043 4649 1129 4732 qnod
1162 4655 1257 4734 quasi
1289 4653 1481 4736 piscariae
1518 4653 1619 4716 latum
1647 4653 1806 4733 patiatur,
1833 4655 1897 4720 ¹aut
1928 4649 2012 4731 qnod

377 4794 491 4852 natura
511 4787 648 4872 generis
669 4785 823 4867 paulatim
845 4785 1018 4851 emendata
1045 4789 1215 4869 pristinam
1237 4791 1470 4858 immanitatem
1492 4793 1658 4873 posuerit,
1685 4789 1740 4848 aut
1769 4783 1856 4866 quod
1878 4785 2014 4848 Crestos

378 4941 476 5005 perus
497 4941 556 5006 per
578 4941 616 4988 se
645 4923 784 4988 sceleris
801 4926 987 5006 ruontssn
1005 4927 1084 4988 ''imn
1115 4927 1165 4988 vis
1196 4917 1388 5008 ἀλάστορος
1418 4927 1496 5008 qnia
1526 4933 1594 4990 tota
1624 4925 1735 4986 nititur
1765 4921 1896 4986 talionis
1927 4921 2016 5002 iege.
