4808 5706
1169 625 1360 779 ns¹

488 931 553 994 Sed
576 923 771 1014 ἀλάστορος
793 931 857 992 vim
877 931 931 1010 qui
951 927 1134 1008 patiuntur,
1156 943 1267 988 eorum
1287 925 1424 989 liberam
1446 943 1507 989 nce
1527 925 1658 988 infestis
1684 927 1867 990 numinibus
1888 931 2026 992 enunci-

389 1071 494 1146 patum
517 1065 718 1129 voluntatem
740 1083 836 1144 esse,
857 1083 899 1128 ex
919 1063 994 1127 aliis
1016 1081 1144 1146 quoque
1166 1065 1362 1126 certissimis
1388 1062 1558 1125 conficitur
1586 1065 1796 1146 argumentis.
1840 1065 1920 1126 Num
1941 1065 2026 1147 quod

389 1202 672 1284 clytemnestras
699 1220 789 1266 sunm
816 1201 942 1286 cuipam
969 1217 1096 1264 omnem
1124 1204 1156 1262 in
1184 1193 1361 1282 οἷλοίστορο
1391 1197 1553 1262 nonnoni
1582 1199 1708 1262 chorus
1735 1201 1884 1283 opponit,
1911 1204 2025 1264 nansi

391 1337 470 1420 quid
490 1331 649 1420 ἀλάστωρ
680 1337 721 1400 ud
752 1337 1004 1424 perpetrandam
1033 1339 1141 1400 mariti
1170 1338 1304 1401 caedem
1326 1337 1517 1412 contraierit,
1547 1339 1720 1420 propterea
1749 1338 1893 1400 criminis
1922 1341 2026 1422 ipsam

395 1478 565 1540 inmunem
586 1494 682 1554 esse,
715 1475 801 1540 idem
833 1477 887 1557 qui
916 1479 1135 1558 peccaverunt
1161 1466 1353 1558 οἷλοὶστορος
1381 1471 1510 1556 impulsi
1530 1470 1671 1534 stimulis
1693 1475 1834 1536 omniunt
1854 1471 2026 1538 uehemens·
2090 1481 2092 1488 '

394 1613 518 1674 tissime
539 1616 685 1676 sentiunt
705 1614 780 1697 ipsi.
824 1613 915 1674 Diris
942 1611 1028 1672 eninr
1057 1612 1283 1673 excruciantur
1311 1610 1489 1692 angoribus
1516 1607 1768 1672 conscientiae.
1812 1611 1869 1685 Qui
1898 1613 2025 1694 siquis

390 1745 473 1808 aiios
497 1747 688 1828 pestiferam
709 1746 849 1810 meieiici
870 1749 960 1831 genii
981 1750 1163 1831 potentiam·
1177 1753 1332 1832 expertus
1353 1754 1406 1812 est
1427 1749 1580 1824 orestes,
1602 1751 1771 1834 postquam
1791 1748 1864 1810 Diis
1887 1751 2026 1812 auctori-

389 1883 453 1946 bus
474 1891 668 1968 susceptum
701 1903 763 1946 suo
787 1883 912 1966 judicio
932 1887 1062 1969 peregit
1084 1885 1227 1964 facinus,
1258 1884 1344 1948 nuiia
1373 1903 1477 1967 neque
1506 1884 1648 1950 mandati
1674 1883 1901 1965 diviniusque
1927 1888 2027 1950 mina·

391 2039 482 2100 rum,
509 2025 539 2084 si
562 2027 750 2100 cessasset,
780 2023 1062 2104 interpositarum,
1091 2038 1196 2103 neque
1228 2025 1363 2086 materni
1392 2022 1532 2088 sceleris
1561 2025 1760 2108 cogitatione
1792 2021 2026 2086 conscientiam

397 2160 493 2220 animi
514 2167 622 2242 potest
643 2161 873 2243 comprimere,
903 2159 979 2239 quin
1008 2175 1049 2220 ex
1068 2161 1229 2242 sanguiue
1251 2163 1365 2224 matris
1388 2165 1544 2246 concepta
1564 2159 1691 2224 macula
1711 2177 1815 2242 usquc
1836 2177 1876 2224 eo
1899 2177 2024 2243 perma-

396 2301 450 2358 net
469 2295 509 2360 ad
530 2297 689 2375 animum,
710 2300 746 2357 ut
768 2312 915 2358 summus
935 2294 1026 2358 furor
1045 2301 1143 2378 atque
1163 2299 1306 2362 amentia
1326 2301 1557 2380 consequatur3
1578 2297 1619 2360 ci.
1643 2295 1698 2358 clu.
1720 2299 1782 2360 tit
1801 2315 1889 2379 sqq„
1918 2299 2025 2384 impri-

392 2434 452 2496 mis
474 2452 504 2496 v.
529 2437 618 2495 1⁰1⁰.
642 2438 731 2495 loti.

492 2567 612 2632 Verum
634 2569 750 2634 iisdem
773 2589 834 2632 non
857 2588 937 2633 suae
960 2569 1064 2633 solum
1096 2575 1318 2636 conscientiae
1341 2571 1401 2636 sed
1432 2575 1529 2636 etiam
1551 2573 1682 2636 divinae
1710 2572 1798 2658 legis
1825 2573 2027 2640 subeundum

390 2703 546 2786 judicium
573 2713 640 2784 est,
671 2709 702 2768 in
735 2725 799 2790 qno
830 2706 910 2770 uiiril
941 2705 1027 2790 quod
1053 2706 1100 2770 iili
1127 2711 1172 2771 sit
1200 2709 1417 2792 imputandum
1446 2705 1654 2794 σνλλὴπτορι
1682 2713 1827 2794 ipsorum
1854 2711 1896 2776 de
1932 2711 2026 2795 culpa

392 2845 580 2922 remittitur,
601 2843 685 2906 unde
706 2843 780 2906 iuce
802 2841 924 2906 clarium
945 2848 1095 2926 apparet,
1118 2851 1283 2910 auctorem
1304 2849 1430 2932 pcccati
1450 2849 1633 2910 existimari
1653 2847 1769 2928 taient,
1797 2851 1853 2932 qui
1873 2851 1927 2910 sut
1946 2847 2025 2910 iacti

391 2980 483 3044 solus
505 2983 551 3044 sit
571 2999 668 3060 rens,
702 2984 755 3064 qui
776 2997 870 3044 sunm
896 2998 959 3042 nou
982 2979 1122 3044 alienum
1152 2982 1323 3046 consilium
1345 2983 1386 3048 ari
1406 2986 1604 3070 peccandum
1625 2985 1787 3064 attulerit,
1813 2982 1907 3066 cujus
1929 2986 2025 3046 mori-

390 3121 470 3198 bus,
503 3125 539 3182 οι
570 3121 667 3200 impie
698 3116 925 3201 scelerateque
958 3110 1176 3182 committeret
1204 3118 1343 3202 aliquid,
1373 3121 1462 3186 uuila
1487 3126 1531 3187 sit
1559 3127 1765 3188 extrinsecus
1797 3123 1850 3184 ris
1884 3117 2024 3182 admota

391 3254 553 3318 Videlicet
575 3253 654 3318 iilud
675 3257 722 3316 ita
742 3256 953 3318 constitutum
970 3253 1129 3338 judicium
1149 3263 1219 3332 est,
1240 3262 1276 3319 nt
1291 3255 1416 3338 judicis
1437 3257 1592 3342 iungatur
1612 3259 1720 3322 oiiicio
1742 3275 1804 3320 non
1824 3253 1945 3334 iatum,
1973 3255 2025 3317 cui

390 3391 469 3456 nihii
500 3411 571 3456 cunr
593 3389 669 3474 jure
700 3394 826 3478 negotii
855 3397 925 3475 est,
956 3392 1017 3458 sed
1044 3396 1115 3475 ipse
1143 3393 1288 3474 Jupiter,
1312 3391 1399 3475 juris
1428 3391 1520 3476 ejus,
1555 3413 1617 3476 quo
1652 3395 1814 3458 hominum
1844 3395 2028 3456 continetur

391 3533 555 3610 societas,
575 3535 611 3594 ιιι
632 3529 781 3594 οοιιιιιιοι·
801 3548 840 3592 ac
861 3539 1026 3615 repertor,
1048 3533 1095 3592 ita
1115 3528 1316 3613 disceptator
1336 3549 1374 3594 ac
1395 3530 1522 3594 vindex.
1569 3532 1704 3608 Orestes
1726 3533 1757 3594 in
1780 3531 1836 3594 cir.
1859 3535 1920 3594 895
1941 3546 2025 3592 com-

391 3673 568 3730 memorato
597 3671 711 3730 matris
739 3668 885 3732 facinore
917 3666 1130 3732 vociferatur:
1163 3670 1220 3730 aut
1252 3659 1328 3734 πότ’
1357 3661 1401 3732 ἂν
1428 3661 1635 3753 ἀμφιλαφὴς
1667 3671 1731 3746 (Ιιιι
1751 3669 1894 3748 threna,
1927 3665 2025 3751 vulgo

392 3795 609 3888 οἷμφιθολής)
640 3804 730 3882 Ζεὺς
758 3801 819 3872 ἐπι
840 3811 937 3890 χεῖρα
964 3802 1066 3888 βάλοι
1073 3829 1084 3881 3
1116 3802 1206 3867 Idem
1227 3805 1318 3868 Dens
1344 3806 1377 3868 in
1399 3804 1489 3868 Pers.
1510 3809 1573 3869 827
1600 3801 1766 3889 κολαστὴς
1797 3809 1931 3867 vocatur
1958 3805 2027 3868 τῶν

389 3933 615 4026 ὑπερκόμπων
636 3935 725 4021 ἄγαν
752 3941 996 4028 φρονημάτων,
1028 3936 1174 4017 εὔθυνος
1203 3939 1319 4024 βαρύς·
1349 3940 1435 4006 idem
1462 3943 1495 4004 iu
1516 3943 1549 4004 S.
1573 3943 1633 4006 Th.
1655 3947 1716 4008 485
1748 3936 1837 4014 Ζεὺς
1864 3941 2025 4026 νεμέτωρ,

389 4081 420 4142 in
441 4079 550 4162 Suppi.
572 4083 633 4142 403
655 4074 744 4152 Ζεὺς
773 4079 883 4162 νέμων
905 4075 1042 4153 εἰκότως
1062 4071 1164 4144 ἄδικοι
1192 4078 1255 4160 μὲν
1274 4082 1409 4154 κοντοῖς,
1439 4073 1520 4144 ὅσια
1548 4071 1580 4144 δ’
1601 4075 1764 4157 ἐννόμοις.
1807 4075 1857 4138 Be
1879 4093 2027 4161 pessum·

388 4216 474 4280 datis
495 4215 537 4276 ob
559 4213 684 4278 laesum
706 4215 838 4298 hospitii
855 4213 913 4298 jus
936 4213 1088 4298 'trojanis
1110 4218 1142 4278 in
1164 4220 1222 4300 Ag.
1245 4220 1307 4280 aas
1328 4215 1411 4278 haec
1432 4217 1590 4302 legimus:
1622 4208 1704 4288 Διὸς
1725 4209 1864 4294 πλαγὰν
1885 4209 2026 4294 ἔχουσιν

388 4349 511 4418 εἰπεῖν.
555 4352 616 4416 Pro
638 4353 723 4418 Jove
745 4355 775 4416 si
797 4373 861 4436 qua
880 4353 945 4416 alia
973 4355 1102 4416 numina
1131 4351 1284 4416 violatam
1312 4352 1422 4438 legem
1445 4373 1548 4437 poena
1576 4353 1745 4432 sanciunt,
1774 4368 1906 4435 operam
1926 4349 2026 4414 edunt

387 4493 560 4568 vicariam,
594 4489 678 4572 qnod
706 4509 789 4553 nuuc
816 4507 981 4574 exponere
1010 4487 1141 4575 longum
1170 4494 1232 4553 est.
1276 4490 1449 4574 Peragitur
1474 4495 1581 4552 auteur
1605 4487 1764 4570 judicium
1786 4505 1826 4550 ex
1847 4485 2027 4552 formulas

387 4627 470 4692 Jove
503 4629 700 4706 constituta,
729 4645 824 4710 quam
852 4625 1002 4710 ejusdcm
1028 4629 1074 4690 ita
1102 4633 1213 4692 tuetur
1239 4627 1405 4706 custodis,
1438 4632 1474 4690 ut
1502 4628 1567 4690 nisi
1596 4627 1682 4692 Jove
1709 4643 1751 4688 cx
1778 4639 1888 4687 rerum
1911 4629 2026 4688 natura

385 4765 515 4828 subiato
547 4781 587 4826 ne
624 4762 763 4826 iormuia
795 4761 924 4846 quidem
959 4762 1016 4828 tiia
1050 4763 1191 4828 toiistur.
1256 4765 1336 4826 Nam
1377 4763 1416 4826 ci.
1455 4764 1584 4848 Fragm.
1614 4767 1676 4828 267
1708 4761 1821 4826 nunna
1859 4759 2024 4846 δράσαντι

386 4899 448 4982 γάρ
477 4923 530 4966 τοι
558 4903 614 4964 καὶ
644 4901 778 4966 παθεῖν
810 4893 1000 4987 ὀφείλεται·
1032 4899 1087 4964 Oh.
1110 4905 1188 4964 31³:
1224 4901 1390 4986 δράσαντι
1418 4903 1571 4977 ποθεῖν,
1609 4903 1770 4986 τριγέρων
1796 4903 1910 4983 μῦθος
1940 4897 2024 4965 τάδε
