4808 5706
415 1031 547 1094 letalem
574 1026 709 1091 studeat
738 1030 971 1091 necessitatem
998 1040 1175 1101 excusare,
1206 1019 1360 1086 irridetur
1386 1022 1427 1086 ab
1455 1039 1494 1083 eo
1524 1039 1587 1084 non
1617 1019 1723 1082 lenius
1753 1037 1847 1101 quam
1877 1023 2048 1090 aZenoue

415 1184 533 1230 servus
563 1165 674 1246 (Diog.
704 1163 809 1226 Laert.
833 1163 907 1240 vii,
936 1165 1009 1236 11),
1044 1162 1097 1242 qui
1128 1178 1225 1241 quum
1254 1159 1395 1222 dixisset
1423 1155 1826 1243 sipontinensem,
1855 1176 2048 1241 responsum

416 1303 491 1366 tulit
512 1304 568 1364 xci
591 1299 744 1384 δαρῆναι·
766 1298 841 1361 vide
864 1297 919 1360 ch.
941 1302 1020 1361 sle:
1049 1299 1125 1360 ΚΛ.
1147 1286 1167 1377 ἡ
1187 1301 1290 1378 μοῖρα
1311 1293 1456 1392 ναύταν,
1477 1289 1503 1360 ol
1525 1294 1661 1370 τέκνον,
1684 1296 1860 1377 παραιτία.
1906 1299 1972 1360 ΟΡ.
1994 1299 2050 1362 καὶ

416 1436 517 1504 elude
534 1441 649 1502 solvor
665 1429 753 1520 μοῖρ’
769 1430 960 1518 ἐπόρσυνεν
975 1432 1090 1516 μόρον.
1124 1434 1260 1498 Orestes
1282 1437 1392 1494 autem
1412 1433 1445 1494 iu
1465 1431 1665 1514 Cbcepborls
1683 1433 1816 1494 tametsi
1830 1431 1871 1494 ab
1885 1433 1929 1495 iis
1950 1434 2049 1496 numi·

418 1573 524 1651 nibus,
547 1575 600 1654 qni
615 1571 684 1652 juri
706 1569 793 1634 ennii
816 1570 1029 1634 custodiendo
1050 1537 1217 1654 praesunt,
1238 1570 1453 1632 severissime
1468 1573 1503 1632 et
1521 1570 1722 1632 tristissimis
1736 1569 1939 1651 interpositis
1954 1569 2050 1632 minis

414 1707 549 1788 jubetur
569 1707 749 1770 occidenda
769 1712 873 1770 matre
896 1709 1026 1768 munire
1043 1704 1099 1788 jus
1121 1709 1153 1768 in
1175 1724 1256 1792 rege
1278 1725 1317 1770 ac
1332 1707 1447 1768 marito
1469 1704 1633 1784 violatum,
1654 1710 1763 1768 tamen
1785 1706 1921 1786 inperio
1941 1704 2050 1768 divino

418 1850 524 1906 utrum
544 1851 660 1926 pareat
681 1861 797 1920 necne,
819 1842 945 1904 dubitat
966 1843 1057 1903 initio
1079 1842 1368 1906 vehementissime
1390 1849 1424 1904 et
1445 1843 1530 1904 iuter
1551 1843 1741 1924 obsequium
1764 1846 1798 1904 et
1818 1843 2051 1905 mniumcuan

418 1985 559 2044 animum
580 1982 668 2064 gerit
689 1980 870 2059 ancipitem.
913 1978 1007 2040 Patet
1034 1979 1096 2041 hoc
1125 1997 1166 2041 ex
1187 1997 1305 2064 magno
1326 1977 1382 2042 illo
1404 1975 1538 2066 κόμμρι,
1567 1979 1622 2059 qui
1652 1977 1780 2040 tabulae
1801 1979 1902 2038 totius
1924 1983 2050 2061 partera

418 2119 557 2198 occupat
586 2113 671 2176 haud
699 2116 865 2198 exiguam,
897 2113 990 2196 cujus
1020 2116 1081 2177 hoo
1108 2119 1334 2198 argumentum
1356 2121 1427 2196 est,
1458 2119 1494 2178 ut
1520 2115 1699 2178 dubitantis
1729 2133 1768 2176 ao
1798 2116 2049 2198 tergiversantis

420 2250 547 2312 Orestis
569 2251 694 2312 animus
716 2249 995 2314 exhortationibus
1013 2251 1143 2313 ¹sororis
1165 2256 1199 2312 et
1220 2251 1310 2313 chori
1333 2255 1480 2338 erigatur
1502 2257 1535 2314 et
1557 2251 1763 2314 confirmetur
1788 2250 1830 2312 ad
1851 2250 2052 2314 subeundum

419 2387 554 2450 facinus.
600 2383 688 2462 Quod
709 2402 837 2448 cmmen
862 2406 903 2450 ex
925 2407 1043 2472 inagna
1062 2392 1156 2470 parte
1178 2405 1295 2451 nanum
1316 2394 1409 2452 esset
1431 2395 1527 2474 atque
1555 2389 1686 2470 inutile,
1718 2392 1748 2450 si
1768 2407 1875 2451 rerum
1898 2395 1991 2451 extra
2012 2407 2050 2451 se
2096 2400 2101 2410 “

418 2527 600 2610 positarum
621 2526 654 2586 vi
675 2524 861 2585 traheretur
882 2523 1036 2600 Orestes,
1060 2540 1164 2604 neque
1185 2529 1283 2605 poeta
1305 2524 1416 2588 caedis
1438 2528 1467 2588 si
1490 2545 1552 2588 non
1573 2527 1802 2609 suscipiendae
1826 2530 1860 2587 at
1880 2526 2048 2608 perficien-

419 2663 481 2726 dae
511 2659 682 2724 eonsilium
712 2676 753 2720 ex
782 2661 886 2741 ipsius
916 2661 1006 2720 nasci
1035 2664 1168 2741 pectore
1198 2660 1367 2723 voluisset.
1428 2661 1527 2735 Quum
1557 2665 1695 2726 maxime
1724 2667 1972 2747 perpetraturus
2000 2664 2053 2723 est

421 2796 571 2877 caedem,
594 2798 711 2858 iterum
739 2793 871 2858 vacillat
901 2797 1026 2857 animus
1055 2794 1176 2878 injecta
1197 2798 1358 2882 religione
1381 2801 1546 2861 maternae
1567 2817 1740 2878 mammae,
1773 2819 1868 2883 quam
1889 2797 2053 2881 protendit

422 2933 688 3014 Clytaemnestra.
734 2928 897 3014 Πυλάδη,
919 2934 954 2994 cl
975 2929 1109 3014 δράσας
1137 2935 1240 3016 inquit
1260 2951 1289 2995 v.
1312 2937 1389 3012 899,
1418 2925 1530 3016 μητέρ’
1552 2929 1710 3000 αἰδεσθῶ
1732 2943 1866 3002 κτανεῖν
1873 2964 1884 3014 ,·
1914 2935 2052 3015 Pylades

419 3070 577 3151 Apollinis
594 3067 692 3150 jassa
712 3075 878 3131 memorat
922 3069 1002 3130 Tum
1026 3086 1104 3131 vero
1124 3076 1239 3153 poeta,
1262 3072 1356 3152 quasi
1378 3068 1456 3131 nibil
1477 3069 1592 3153 reliqui
1613 3075 1777 3152 facturus,
1804 3075 1879 3155 quin
1905 3072 2054 3136 Orestem

421 3225 480 3268 suo
503 3207 598 3268 nobis
619 3208 666 3266 uti
689 3204 850 3284 declaret,
873 3223 935 3266 non
958 3203 1066 3267 alieno
1084 3205 1225 3288 jndicio,
1253 3203 1483 3287 subjicientem
1508 3208 1602 3271 iacit:
1625 3188 1764 3291 ιαρίνα
1788 3207 1828 3271 σὲ
1849 3211 1967 3296 vangir,
1997 3213 2053 3273 καὶ

420 3345 600 3424 παραινεῖς
620 3353 678 3424 μοι
697 3341 817 3416 καλῶς.
860 3340 939 3404 inde
960 3344 1090 3424 peragit
1111 3345 1182 3424 ipse
1203 3344 1340 3406 lacinus.
1384 3346 1443 3406 ilis
1463 3347 1563 3409 rebus
1584 3365 1625 3408 ex
1653 3349 1738 3408 omni
1769 3351 1863 3427 parte
1884 3353 2055 3410 consenta-

421 3502 484 3546 nea
505 3486 590 3560 sunt,
613 3497 697 3564 quae
718 3480 861 3564 legimus
883 3482 916 3542 in
937 3478 1179 3541 Eumenidibus.
1223 3483 1335 3564 Neque
1358 3485 1443 3545 enim
1464 3486 1493 3544 si
1514 3483 1621 3544 Furiis
1643 3480 1844 3562 exploratum
1869 3488 1939 3561 est,
1968 3487 2052 3546 noci-

420 3617 546 3681 dendae
567 3621 681 3680 matris
706 3619 813 3678 Oresti
836 3622 1000 3678 auctorem
1029 3615 1134 3678 inisse
1162 3616 1356 3699 Apollinem,
1389 3619 1510 3682 idcirco
1540 3616 1711 3701 quidquam
1741 3616 1781 3680 de
1805 3615 1900 3701 culpa
1920 3621 1977 3683 tilii
1999 3622 2053 3684 de-

419 3756 574 3838 trahitur3
597 3733 660 3816 imo
684 3754 770 3816 lilius
792 3754 905 3836 culpae
929 3771 1005 3816 rous
1028 3759 1081 3815 est
1102 3754 1287 3818 universae.
1332 3757 1389 3818 (lui
1418 3775 1608 3839 quamquam
1630 3755 1772 3818 divinum
1793 3756 1976 3837 praetendit
1998 3761 2052 3821 im·

420 3893 544 3972 perium
567 3895 598 3952 in
620 3909 755 3974 eamque
776 3909 845 3953 rem
867 3892 969 3952 Deum
991 3894 1096 3972 ipsum
1116 3894 1237 3952 testem
1259 3891 1392 3954 adhibet
1412 3911 1450 3955 ac
1472 3898 1658 3976 patronum,
1687 3911 1749 3954 nnn
1771 3896 1878 3953 tamen
1901 3909 1942 3953 ne
1964 3895 2054 3957 Deus

420 4029 549 4112 quidem
573 4031 618 4091 ita
640 4027 785 4091 defendit
807 4028 974 4104 orestem,
1006 4032 1041 4087 ut
1069 4031 1287 4110 expugnatam
1309 4025 1382 4108 eJns
1404 4029 1559 4111 pietatem
1581 4033 1804 4108 extortamque
1836 4027 2053 4095 obedientiam

419 4184 498 4228 esse
520 4165 625 4244 dieat,
656 4163 716 4227 sed
744 4160 801 4245 jus
829 4181 948 4226 causae
970 4169 1096 4242 tuetur,
1127 4161 1187 4225 sed
1215 4163 1335 4226 iactum
1362 4163 1402 4226 ad
1434 4183 1578 4228 normam
1604 4165 1707 4228 refert
1730 4159 1893 4243 justitiae.
1942 4167 2053 4248 Neque

422 4301 555 4364 Orestes
578 4306 612 4362 ut
644 4301 801 4362 innocens
828 4299 1012 4380 parricidii,
1045 4303 1139 4383 quasi
1169 4302 1231 4361 vim
1254 4319 1274 4362 a
1297 4302 1425 4363 numine
1448 4301 1511 4364 sibi
1533 4301 1651 4364 iactam
1673 4299 1840 4364 declinare
1863 4304 2053 4385 nequiverit,

420 4453 525 4499 noxae
545 4455 683 4516 prorsus
706 4437 875 4512 eximitur,
898 4434 958 4498 sed
980 4454 1020 4498 ex
1042 4439 1206 4518 gratiosa,
1228 4453 1322 4518 quam
1343 4437 1491 4500 Minerva
1511 4437 1617 4515 dedit,
1639 4431 1795 4517 formula,
1829 4445 1881 4516 ut,
1911 4442 1941 4502 si
1962 4443 2054 4522 paria

421 4573 699 4636 condemnantium
736 4579 770 4636 et
806 4571 1042 4636 absolventium
1080 4577 1195 4636 essent
1229 4571 1406 4658 sutfragia,
1443 4576 1564 4636 missus
1599 4591 1677 4638 reus
1713 4579 1834 4653 abiret,
1871 4579 1968 4639 venia
1998 4578 2052 4640 do-

420 4713 515 4772 natur
532 4705 544 4742 ⁴
560 4705 600 4783 ¹²).

519 4843 675 4906 videmus
697 4847 796 4926 igitur
817 4844 1033 4926 abjiciendam
1055 4849 1239 4929 opinionem
1267 4865 1346 4910 esse
1368 4847 1426 4910 iuti
1454 4845 1507 4908 sic
1536 4847 1568 4908 in
1596 4846 1716 4910 tabulis
1745 4849 1852 4909 omnia
1878 4849 2049 4926 trahentis,

309 5055 311 5060 ,
420 4987 455 5044 ut
475 4985 530 5044 aut
551 4981 592 5044 ab
614 4983 706 5044 initio
727 4982 914 5047 uoluntates
935 4983 1098 5049 bominum
1120 4983 1184 5048 sibi
1205 4983 1320 5048 reddat
1334 4985 1516 5086 obnoxias,
1547 4989 1602 5050 aut
1622 5001 1682 5050 suo
1704 4987 1790 5046 motu
1812 4985 1892 5047 oleri
1915 4994 2048 5070 coeptas
